<?xml version="1.0" encoding="UTF-8"?>
<!DOCTYPE html PUBLIC "-//W3C//DTD XHTML 1.0 Transitional//EN"
    "http://www.w3.org/TR/xhtml1/DTD/xhtml1-transitional.dtd">
<html xmlns="http://www.w3.org/1999/xhtml" xml:lang="en" lang="en">
 <head>
  <title>
</title>
<meta http-equiv="Content-Type" content="text/html;charset=utf-8" />
  <meta name='ocr-system' content='tesseract 3.04.00' />
  <meta name='ocr-capabilities' content='ocr_page ocr_carea ocr_par ocr_line ocrx_word'/>
</head>
<body>
  <div class='ocr_page' id='page_1' title='image "./symbolaeadillus00nillgoog_0553.png"; bbox 0 0 3725 5617; ppageno 0'>
   <div class='ocr_carea' id='block_1_1' title="bbox 539 652 1428 741">
    <p class='ocr_par' dir='ltr' id='par_1_1' title="bbox 539 652 1428 741">
     <span class='ocr_line' id='line_1_1' title="bbox 539 652 1428 741; baseline 0.007 -15"><span class='ocrx_word' id='word_1_1' title='bbox 539 672 580 727; x_wconf 87' lang='lat' dir='ltr'><strong>Do</strong></span> <span class='ocrx_word' id='word_1_2' title='bbox 598 681 718 741; x_wconf 86' lang='lat' dir='ltr'><strong>tempore</strong></span> <span class='ocrx_word' id='word_1_3' title='bbox 737 674 887 729; x_wconf 77' lang='lat' dir='ltr'><strong>vacationis</strong></span> <span class='ocrx_word' id='word_1_4' title='bbox 906 675 982 730; x_wconf 82' lang='lat' dir='ltr'><strong>Sedis</strong></span> <span class='ocrx_word' id='word_1_5' title='bbox 1003 676 1187 731; x_wconf 72' lang='lat' dir='ltr'><strong>trie-1721.</strong></span> <span class='ocrx_word' id='word_1_6' title='bbox 1373 652 1428 733; x_wconf 70' lang='lat' dir='ltr'><strong>d2o</strong></span> 
     </span>
    </p>
   </div>
   <div class='ocr_carea' id='block_1_2' title="bbox 290 817 1445 3461">
    <p class='ocr_par' dir='ltr' id='par_1_2' title="bbox 290 817 1445 3461">
     <span class='ocr_line' id='line_1_2' title="bbox 297 817 1427 905; baseline 0.003 -23"><span class='ocrx_word' id='word_1_7' title='bbox 297 818 402 898; x_wconf 82' lang='lat' dir='ltr'><strong>foret,</strong></span> <span class='ocrx_word' id='word_1_8' title='bbox 438 819 464 882; x_wconf 92' lang='lat' dir='ltr'><strong>si</strong></span> <span class='ocrx_word' id='word_1_9' title='bbox 489 817 702 904; x_wconf 84' lang='lat' dir='ltr'><strong>privilegium</strong></span> <span class='ocrx_word' id='word_1_10' title='bbox 734 817 777 883; x_wconf 96' lang='lat' dir='ltr'><strong>ad</strong></span> <span class='ocrx_word' id='word_1_11' title='bbox 801 840 1021 905; x_wconf 86' lang='lat' dir='ltr'><strong>quaecunque</strong></span> <span class='ocrx_word' id='word_1_12' title='bbox 1052 817 1215 884; x_wconf 81' lang='lat' dir='ltr'><strong>beneficia</strong></span> <span class='ocrx_word' id='word_1_13' title='bbox 1245 819 1288 885; x_wconf 93' lang='lat' dir='ltr'><strong>ob</strong></span> <span class='ocrx_word' id='word_1_14' title='bbox 1313 841 1427 885; x_wconf 89' lang='lat' dir='ltr'><strong>eorum</strong></span> 
     </span>
     <span class='ocr_line' id='line_1_3' title="bbox 297 924 1427 1013; baseline 0.003 -24"><span class='ocrx_word' id='word_1_15' title='bbox 297 926 531 992; x_wconf 78' lang='lat' dir='ltr'><strong>fundationem</strong></span> <span class='ocrx_word' id='word_1_16' title='bbox 572 937 604 991; x_wconf 90' lang='lat' dir='ltr'><strong>et</strong></span> <span class='ocrx_word' id='word_1_17' title='bbox 635 924 701 990; x_wconf 90' lang='lat' dir='ltr'><strong>alia</strong></span> <span class='ocrx_word' id='word_1_18' title='bbox 734 948 812 1010; x_wconf 86' lang='lat' dir='ltr'><strong>erga</strong></span> <span class='ocrx_word' id='word_1_19' title='bbox 844 924 1031 1013; x_wconf 83' lang='lat' dir='ltr'><strong>Ecclesiam</strong></span> <span class='ocrx_word' id='word_1_20' title='bbox 1064 928 1182 991; x_wconf 90' lang='lat' dir='ltr'><strong>merita</strong></span> <span class='ocrx_word' id='word_1_21' title='bbox 1222 948 1427 1012; x_wconf 84' lang='lat' dir='ltr'><strong>conoessum,</strong></span> 
     </span>
     <span class='ocr_line' id='line_1_4' title="bbox 298 1030 1428 1118; baseline 0.002 -22"><span class='ocrx_word' id='word_1_22' title='bbox 298 1054 369 1097; x_wconf 92' lang='lat' dir='ltr'><strong>non</strong></span> <span class='ocrx_word' id='word_1_23' title='bbox 393 1036 493 1100; x_wconf 91' lang='lat' dir='ltr'><strong>etiam</strong></span> <span class='ocrx_word' id='word_1_24' title='bbox 517 1034 560 1099; x_wconf 92' lang='lat' dir='ltr'><strong>ad</strong></span> <span class='ocrx_word' id='word_1_25' title='bbox 584 1033 658 1114; x_wconf 89' lang='lat' dir='ltr'><strong>illa,</strong></span> <span class='ocrx_word' id='word_1_26' title='bbox 691 1054 777 1118; x_wconf 90' lang='lat' dir='ltr'><strong>quae</strong></span> <span class='ocrx_word' id='word_1_27' title='bbox 801 1030 843 1095; x_wconf 95' lang='lat' dir='ltr'><strong>ab</strong></span> <span class='ocrx_word' id='word_1_28' title='bbox 867 1032 984 1096; x_wconf 90' lang='lat' dir='ltr'><strong>eodem</strong></span> <span class='ocrx_word' id='word_1_29' title='bbox 1010 1032 1219 1118; x_wconf 87' lang='lat' dir='ltr'><strong>privilegiato</strong></span> <span class='ocrx_word' id='word_1_30' title='bbox 1250 1033 1294 1098; x_wconf 91' lang='lat' dir='ltr'><strong>ad</strong></span> <span class='ocrx_word' id='word_1_31' title='bbox 1318 1056 1428 1099; x_wconf 86' lang='lat' dir='ltr'><strong>exem·</strong></span> 
     </span>
     <span class='ocr_line' id='line_1_5' title="bbox 299 1138 1427 1228; baseline 0.001 -24"><span class='ocrx_word' id='word_1_32' title='bbox 299 1138 394 1225; x_wconf 90' lang='lat' dir='ltr'><strong>plum</strong></span> <span class='ocrx_word' id='word_1_33' title='bbox 408 1141 573 1228; x_wconf 79' lang='lat' dir='ltr'><strong>Majorum</strong></span> <span class='ocrx_word' id='word_1_34' title='bbox 598 1163 640 1205; x_wconf 86' lang='lat' dir='ltr'><strong>ex</strong></span> <span class='ocrx_word' id='word_1_35' title='bbox 663 1147 737 1224; x_wconf 89' lang='lat' dir='ltr'><strong>post</strong></span> <span class='ocrx_word' id='word_1_36' title='bbox 759 1139 929 1223; x_wconf 78' lang='lat' dir='ltr'><strong>erigantur</strong></span> <span class='ocrx_word' id='word_1_37' title='bbox 952 1147 1047 1203; x_wconf 83' lang='lat' dir='ltr'><strong>etex</strong></span> <span class='ocrx_word' id='word_1_38' title='bbox 1071 1141 1203 1226; x_wconf 90' lang='lat' dir='ltr'><strong>proprio</strong></span> <span class='ocrx_word' id='word_1_39' title='bbox 1228 1141 1427 1226; x_wconf 89' lang='lat' dir='ltr'><strong>patrimonio</strong></span> 
     </span>
     <span class='ocr_line' id='line_1_6' title="bbox 297 1244 1427 1333; baseline 0.001 -22"><span class='ocrx_word' id='word_1_40' title='bbox 297 1248 393 1332; x_wconf 82' lang='lat' dir='ltr'><strong>regia</strong></span> <span class='ocrx_word' id='word_1_41' title='bbox 416 1246 614 1314; x_wconf 77' lang='lat' dir='ltr'>liberalitate</span> <span class='ocrx_word' id='word_1_42' title='bbox 639 1245 813 1326; x_wconf 90' lang='lat' dir='ltr'><strong>donantur,</strong></span> <span class='ocrx_word' id='word_1_43' title='bbox 837 1244 973 1309; x_wconf 87' lang='lat' dir='ltr'><strong>extendi</strong></span> <span class='ocrx_word' id='word_1_44' title='bbox 991 1244 1136 1312; x_wconf 78' lang='lat' dir='ltr'><strong>deberet.</strong></span> <span class='ocrx_word' id='word_1_45' title='bbox 1175 1245 1220 1310; x_wconf 80' lang='lat' dir='ltr'><strong>Et</strong></span> <span class='ocrx_word' id='word_1_46' title='bbox 1235 1267 1427 1333; x_wconf 90' lang='lat' dir='ltr'><strong>quanquam</strong></span> 
     </span>
     <span class='ocr_line' id='line_1_7' title="bbox 300 1351 1428 1438; baseline 0.003 -21"><span class='ocrx_word' id='word_1_47' title='bbox 300 1353 385 1418; x_wconf 85' lang='lat' dir='ltr'><strong>haee</strong></span> <span class='ocrx_word' id='word_1_48' title='bbox 408 1352 496 1419; x_wconf 82' lang='lat' dir='ltr'><strong>Aula</strong></span> <span class='ocrx_word' id='word_1_49' title='bbox 520 1352 610 1438; x_wconf 88' lang='lat' dir='ltr'><strong>apud</strong></span> <span class='ocrx_word' id='word_1_50' title='bbox 634 1374 687 1416; x_wconf 92' lang='lat' dir='ltr'><strong>me</strong></span> <span class='ocrx_word' id='word_1_51' title='bbox 712 1352 885 1433; x_wconf 90' lang='lat' dir='ltr'><strong>insisterit,</strong></span> <span class='ocrx_word' id='word_1_52' title='bbox 914 1361 952 1415; x_wconf 91' lang='lat' dir='ltr'><strong>ut</strong></span> <span class='ocrx_word' id='word_1_53' title='bbox 974 1352 1046 1437; x_wconf 90' lang='lat' dir='ltr'><strong>ejus</strong></span> <span class='ocrx_word' id='word_1_54' title='bbox 1069 1351 1315 1418; x_wconf 86' lang='lat' dir='ltr'><strong>Resolutionem</strong></span> <span class='ocrx_word' id='word_1_55' title='bbox 1339 1353 1428 1420; x_wconf 88' lang='lat' dir='ltr'><strong>Suae</strong></span> 
     </span>
     <span class='ocr_line' id='line_1_8' title="bbox 302 1457 1427 1546; baseline -0.001 -20"><span class='ocrx_word' id='word_1_56' title='bbox 302 1459 465 1526; x_wconf 83' lang='lat' dir='ltr'><strong>Caesareo</strong></span> <span class='ocrx_word' id='word_1_57' title='bbox 489 1460 656 1545; x_wconf 87' lang='lat' dir='ltr'><strong>Majestati</strong></span> <span class='ocrx_word' id='word_1_58' title='bbox 679 1457 854 1540; x_wconf 86' lang='lat' dir='ltr'><strong>referrem,</strong></span> <span class='ocrx_word' id='word_1_59' title='bbox 879 1479 940 1543; x_wconf 86' lang='lat' dir='ltr'><strong>ego</strong></span> <span class='ocrx_word' id='word_1_60' title='bbox 964 1468 1076 1523; x_wconf 89' lang='lat' dir='ltr'><strong>tamen</strong></span> <span class='ocrx_word' id='word_1_61' title='bbox 1100 1460 1190 1546; x_wconf 90' lang='lat' dir='ltr'><strong>quod</strong></span> <span class='ocrx_word' id='word_1_62' title='bbox 1212 1470 1282 1525; x_wconf 88' lang='lat' dir='ltr'><strong>tam</strong></span> <span class='ocrx_word' id='word_1_63' title='bbox 1305 1459 1427 1526; x_wconf 82' lang='lat' dir='ltr'><strong>ridicu·</strong></span> 
     </span>
     <span class='ocr_line' id='line_1_9' title="bbox 296 1564 1430 1657; baseline 0 -25"><span class='ocrx_word' id='word_1_64' title='bbox 296 1568 366 1632; x_wconf 88' lang='lat' dir='ltr'><strong>lam</strong></span> <span class='ocrx_word' id='word_1_65' title='bbox 383 1568 650 1657; x_wconf 86' lang='lat' dir='ltr'><strong>praetensionem</strong></span> <span class='ocrx_word' id='word_1_66' title='bbox 666 1564 903 1629; x_wconf 83' lang='lat' dir='ltr'><strong>transscribere</strong></span> <span class='ocrx_word' id='word_1_67' title='bbox 920 1586 987 1629; x_wconf 90' lang='lat' dir='ltr'><strong>uon</strong></span> <span class='ocrx_word' id='word_1_68' title='bbox 1003 1587 1143 1651; x_wconf 89' lang='lat' dir='ltr'><strong>possem,</strong></span> <span class='ocrx_word' id='word_1_69' title='bbox 1169 1587 1222 1631; x_wconf 90' lang='lat' dir='ltr'><strong>me</strong></span> <span class='ocrx_word' id='word_1_70' title='bbox 1238 1575 1430 1632; x_wconf 78' lang='lat' dir='ltr'><strong>constanter</strong></span> 
     </span>
     <span class='ocr_line' id='line_1_10' title="bbox 298 1670 1428 1760; baseline 0 -23"><span class='ocrx_word' id='word_1_71' title='bbox 298 1676 480 1757; x_wconf 82' lang='lat' dir='ltr'><strong>excusavi3</strong></span> <span class='ocrx_word' id='word_1_72' title='bbox 516 1674 595 1760; x_wconf 90' lang='lat' dir='ltr'><strong>quia</strong></span> <span class='ocrx_word' id='word_1_73' title='bbox 626 1693 704 1736; x_wconf 88' lang='lat' dir='ltr'><strong>vero</strong></span> <span class='ocrx_word' id='word_1_74' title='bbox 735 1693 777 1734; x_wconf 83' lang='lat' dir='ltr'><strong>ex</strong></span> <span class='ocrx_word' id='word_1_75' title='bbox 807 1680 881 1756; x_wconf 91' lang='lat' dir='ltr'><strong>post</strong></span> <span class='ocrx_word' id='word_1_76' title='bbox 912 1670 974 1736; x_wconf 93' lang='lat' dir='ltr'><strong>sub</strong></span> <span class='ocrx_word' id='word_1_77' title='bbox 999 1694 1101 1737; x_wconf 91' lang='lat' dir='ltr'><strong>manu</strong></span> <span class='ocrx_word' id='word_1_78' title='bbox 1132 1672 1302 1756; x_wconf 81' lang='lat' dir='ltr'><strong>inaudivi,</strong></span> <span class='ocrx_word' id='word_1_79' title='bbox 1338 1672 1428 1759; x_wconf 90' lang='lat' dir='ltr'><strong>quod</strong></span> 
     </span>
     <span class='ocr_line' id='line_1_11' title="bbox 299 1777 1428 1865; baseline -0.002 -19"><span class='ocrx_word' id='word_1_80' title='bbox 299 1781 447 1846; x_wconf 80' lang='lat' dir='ltr'><strong>Nuntius</strong></span> <span class='ocrx_word' id='word_1_81' title='bbox 470 1778 683 1865; x_wconf 87' lang='lat' dir='ltr'><strong>Apostolious</strong></span> <span class='ocrx_word' id='word_1_82' title='bbox 707 1778 859 1842; x_wconf 88' lang='lat' dir='ltr'><strong>Viennae</strong></span> <span class='ocrx_word' id='word_1_83' title='bbox 883 1789 920 1843; x_wconf 87' lang='lat' dir='ltr'><strong>ut</strong></span> <span class='ocrx_word' id='word_1_84' title='bbox 942 1777 1029 1844; x_wconf 90' lang='lat' dir='ltr'><strong>Suae</strong></span> <span class='ocrx_word' id='word_1_85' title='bbox 1047 1778 1345 1865; x_wconf 83' lang='lat' dir='ltr'><strong>Caesareo-Regiae</strong></span> <span class='ocrx_word' id='word_1_86' title='bbox 1359 1780 1428 1845; x_wconf 90' lang='lat' dir='ltr'><strong>Ma·</strong></span> 
     </span>
     <span class='ocr_line' id='line_1_12' title="bbox 290 1884 1425 1974; baseline -0.001 -21"><span class='ocrx_word' id='word_1_87' title='bbox 290 1889 410 1974; x_wconf 87' lang='lat' dir='ltr'><strong>jestati</strong></span> <span class='ocrx_word' id='word_1_88' title='bbox 449 1886 513 1951; x_wconf 86' lang='lat' dir='ltr'><strong>hac</strong></span> <span class='ocrx_word' id='word_1_89' title='bbox 554 1889 587 1950; x_wconf 93' lang='lat' dir='ltr'><strong>in</strong></span> <span class='ocrx_word' id='word_1_90' title='bbox 620 1896 713 1972; x_wconf 87' lang='lat' dir='ltr'><strong>parte</strong></span> <span class='ocrx_word' id='word_1_91' title='bbox 754 1884 908 1971; x_wconf 89' lang='lat' dir='ltr'><strong>loquatur</strong></span> <span class='ocrx_word' id='word_1_92' title='bbox 948 1887 982 1950; x_wconf 96' lang='lat' dir='ltr'><strong>in</strong></span> <span class='ocrx_word' id='word_1_93' title='bbox 1022 1888 1208 1952; x_wconf 84' lang='lat' dir='ltr'><strong>commissis</strong></span> <span class='ocrx_word' id='word_1_94' title='bbox 1248 1888 1425 1973; x_wconf 80' lang='lat' dir='ltr'><strong>acceperit,</strong></span> 
     </span>
     <span class='ocr_line' id='line_1_13' title="bbox 301 1992 1445 2059; baseline -0.001 0"><span class='ocrx_word' id='word_1_95' title='bbox 301 1995 376 2059; x_wconf 91' lang='lat' dir='ltr'><strong>ideo</strong></span> <span class='ocrx_word' id='word_1_96' title='bbox 401 1995 531 2059; x_wconf 89' lang='lat' dir='ltr'><strong>Rmam.</strong></span> <span class='ocrx_word' id='word_1_97' title='bbox 555 1995 676 2058; x_wconf 88' lang='lat' dir='ltr'><strong>Dnem.</strong></span> <span class='ocrx_word' id='word_1_98' title='bbox 701 1992 819 2057; x_wconf 89' lang='lat' dir='ltr'><strong>Vram.</strong></span> <span class='ocrx_word' id='word_1_99' title='bbox 847 1992 888 2058; x_wconf 93' lang='lat' dir='ltr'><strong>de</strong></span> <span class='ocrx_word' id='word_1_100' title='bbox 910 2014 947 2057; x_wconf 92' lang='lat' dir='ltr'><strong>re</strong></span> <span class='ocrx_word' id='word_1_101' title='bbox 971 2015 1046 2057; x_wconf 89' lang='lat' dir='ltr'><strong>eum</strong></span> <span class='ocrx_word' id='word_1_102' title='bbox 1071 1995 1105 2058; x_wconf 90' lang='lat' dir='ltr'><strong>in</strong></span> <span class='ocrx_word' id='word_1_103' title='bbox 1130 1993 1230 2059; x_wconf 88' lang='lat' dir='ltr'><strong>finem</strong></span> <span class='ocrx_word' id='word_1_104' title='bbox 1254 1992 1445 2059; x_wconf 85' lang='lat' dir='ltr'><strong>certiorem</strong></span> 
     </span>
     <span class='ocr_line' id='line_1_14' title="bbox 301 2098 1428 2186; baseline 0 -20"><span class='ocrx_word' id='word_1_105' title='bbox 301 2102 491 2167; x_wconf 76' lang='lat' dir='ltr'><strong>faciendam</strong></span> <span class='ocrx_word' id='word_1_106' title='bbox 516 2100 618 2182; x_wconf 86' lang='lat' dir='ltr'><strong>duxi,</strong></span> <span class='ocrx_word' id='word_1_107' title='bbox 643 2110 680 2164; x_wconf 90' lang='lat' dir='ltr'><strong>nt</strong></span> <span class='ocrx_word' id='word_1_108' title='bbox 702 2099 923 2163; x_wconf 88' lang='lat' dir='ltr'><strong>Ministerium</strong></span> <span class='ocrx_word' id='word_1_109' title='bbox 949 2098 1267 2186; x_wconf 83' lang='lat' dir='ltr'><strong>Caesareo-Regium</strong></span> <span class='ocrx_word' id='word_1_110' title='bbox 1292 2101 1428 2186; x_wconf 80' lang='lat' dir='ltr'><strong>Hungu-</strong></span> 
     </span>
     <span class='ocr_line' id='line_1_15' title="bbox 298 2206 1427 2295; baseline 0.001 -23"><span class='ocrx_word' id='word_1_111' title='bbox 298 2212 407 2274; x_wconf 86' lang='lat' dir='ltr'><strong>rieum</strong></span> <span class='ocrx_word' id='word_1_112' title='bbox 439 2210 574 2295; x_wconf 86' lang='lat' dir='ltr'><strong>praevie</strong></span> <span class='ocrx_word' id='word_1_113' title='bbox 607 2207 749 2292; x_wconf 83' lang='lat' dir='ltr'><strong>desuper</strong></span> <span class='ocrx_word' id='word_1_114' title='bbox 772 2206 986 2295; x_wconf 86' lang='lat' dir='ltr'><strong>informatum</strong></span> <span class='ocrx_word' id='word_1_115' title='bbox 1010 2207 1166 2290; x_wconf 86' lang='lat' dir='ltr'><strong>reddere,</strong></span> <span class='ocrx_word' id='word_1_116' title='bbox 1202 2218 1236 2272; x_wconf 91' lang='lat' dir='ltr'><strong>et</strong></span> <span class='ocrx_word' id='word_1_117' title='bbox 1259 2230 1338 2273; x_wconf 87' lang='lat' dir='ltr'><strong>casu</strong></span> <span class='ocrx_word' id='word_1_118' title='bbox 1361 2229 1427 2295; x_wconf 90' lang='lat' dir='ltr'><strong>quo</strong></span> 
     </span>
     <span class='ocr_line' id='line_1_16' title="bbox 300 2314 1428 2403; baseline -0.001 -23"><span class='ocrx_word' id='word_1_119' title='bbox 300 2316 382 2381; x_wconf 93' lang='lat' dir='ltr'><strong>illud</strong></span> <span class='ocrx_word' id='word_1_120' title='bbox 407 2316 556 2402; x_wconf 90' lang='lat' dir='ltr'><strong>ejusdem</strong></span> <span class='ocrx_word' id='word_1_121' title='bbox 581 2337 675 2378; x_wconf 88' lang='lat' dir='ltr'><strong>meae</strong></span> <span class='ocrx_word' id='word_1_122' title='bbox 699 2315 864 2400; x_wconf 86' lang='lat' dir='ltr'><strong>opinionis</strong></span> <span class='ocrx_word' id='word_1_123' title='bbox 888 2322 988 2394; x_wconf 89' lang='lat' dir='ltr'><strong>esset,</strong></span> <span class='ocrx_word' id='word_1_124' title='bbox 1014 2314 1146 2379; x_wconf 81' lang='lat' dir='ltr'><strong>efficere</strong></span> <span class='ocrx_word' id='word_1_125' title='bbox 1169 2324 1325 2398; x_wconf 87' lang='lat' dir='ltr'><strong>conetur,</strong></span> <span class='ocrx_word' id='word_1_126' title='bbox 1350 2338 1428 2403; x_wconf 90' lang='lat' dir='ltr'><strong>qua·</strong></span> 
     </span>
     <span class='ocr_line' id='line_1_17' title="bbox 297 2419 1427 2508; baseline 0.002 -23"><span class='ocrx_word' id='word_1_127' title='bbox 297 2433 404 2506; x_wconf 38' lang='lat' dir='ltr'><strong>tenus,</strong></span> <span class='ocrx_word' id='word_1_128' title='bbox 420 2422 568 2507; x_wconf 88' lang='lat' dir='ltr'><strong>praefato</strong></span> <span class='ocrx_word' id='word_1_129' title='bbox 584 2421 710 2485; x_wconf 89' lang='lat' dir='ltr'><strong>Nuntio</strong></span> <span class='ocrx_word' id='word_1_130' title='bbox 736 2422 770 2484; x_wconf 94' lang='lat' dir='ltr'><strong>in</strong></span> <span class='ocrx_word' id='word_1_131' title='bbox 787 2420 1002 2486; x_wconf 83' lang='lat' dir='ltr'><strong>subsistentia</strong></span> <span class='ocrx_word' id='word_1_132' title='bbox 1017 2419 1208 2507; x_wconf 89' lang='lat' dir='ltr'><strong>hujusmodi</strong></span> <span class='ocrx_word' id='word_1_133' title='bbox 1233 2431 1427 2508; x_wconf 84' lang='lat' dir='ltr'><strong>praetensae</strong></span> 
     </span>
     <span class='ocr_line' id='line_1_18' title="bbox 298 2526 1427 2614; baseline 0.001 -21"><span class='ocrx_word' id='word_1_134' title='bbox 298 2531 459 2593; x_wconf 84' lang='lat' dir='ltr'><strong>novitatis</strong></span> <span class='ocrx_word' id='word_1_135' title='bbox 489 2531 573 2593; x_wconf 91' lang='lat' dir='ltr'><strong>serio</strong></span> <span class='ocrx_word' id='word_1_136' title='bbox 598 2538 801 2613; x_wconf 86' lang='lat' dir='ltr'><strong>exponatur,</strong></span> <span class='ocrx_word' id='word_1_137' title='bbox 838 2526 919 2591; x_wconf 91' lang='lat' dir='ltr'><strong>mihi</strong></span> <span class='ocrx_word' id='word_1_138' title='bbox 945 2548 1023 2591; x_wconf 85' lang='lat' dir='ltr'><strong>vero</strong></span> <span class='ocrx_word' id='word_1_139' title='bbox 1048 2536 1080 2592; x_wconf 93' lang='lat' dir='ltr'><strong>et</strong></span> <span class='ocrx_word' id='word_1_140' title='bbox 1111 2526 1218 2614; x_wconf 87' lang='lat' dir='ltr'><strong>hujati</strong></span> <span class='ocrx_word' id='word_1_141' title='bbox 1242 2526 1427 2601; x_wconf 81' lang='lat' dir='ltr'><strong>Excellmo.</strong></span> 
     </span>
     <span class='ocr_line' id='line_1_19' title="bbox 296 2630 1427 2720; baseline -0.001 -20"><span class='ocrx_word' id='word_1_142' title='bbox 296 2634 432 2700; x_wconf 87' lang='lat' dir='ltr'><strong>Oratori</strong></span> <span class='ocrx_word' id='word_1_143' title='bbox 457 2634 619 2700; x_wconf 83' lang='lat' dir='ltr'><strong>Caesareo</strong></span> <span class='ocrx_word' id='word_1_144' title='bbox 645 2630 840 2699; x_wconf 88' lang='lat' dir='ltr'><strong>Mandatum</strong></span> <span class='ocrx_word' id='word_1_145' title='bbox 866 2632 1197 2720; x_wconf 83' lang='lat' dir='ltr'><strong>Caesareo-Regium</strong></span> <span class='ocrx_word' id='word_1_146' title='bbox 1228 2636 1427 2700; x_wconf 71' lang='lat' dir='ltr'><strong>transmitte»</strong></span> 
     </span>
     <span class='ocr_line' id='line_1_20' title="bbox 297 2726 1425 2829; baseline -0.001 -23"><span class='ocrx_word' id='word_1_147' title='bbox 297 2726 372 2825; x_wconf 70' lang='lat' dir='ltr'><strong>fur,</strong></span> <span class='ocrx_word' id='word_1_148' title='bbox 397 2763 462 2829; x_wconf 90' lang='lat' dir='ltr'><strong>quo</strong></span> <span class='ocrx_word' id='word_1_149' title='bbox 488 2743 606 2805; x_wconf 89' lang='lat' dir='ltr'><strong>muniti</strong></span> <span class='ocrx_word' id='word_1_150' title='bbox 632 2763 691 2805; x_wconf 89' lang='lat' dir='ltr'><strong>nos</strong></span> <span class='ocrx_word' id='word_1_151' title='bbox 714 2750 805 2805; x_wconf 86' lang='lat' dir='ltr'><strong>tanto</strong></span> <span class='ocrx_word' id='word_1_152' title='bbox 830 2762 905 2805; x_wconf 86' lang='lat' dir='ltr'><strong>cum</strong></span> <span class='ocrx_word' id='word_1_153' title='bbox 931 2742 1047 2827; x_wconf 89' lang='lat' dir='ltr'><strong>majori</strong></span> <span class='ocrx_word' id='word_1_154' title='bbox 1073 2742 1224 2807; x_wconf 83' lang='lat' dir='ltr'><strong>efficacia</strong></span> <span class='ocrx_word' id='word_1_155' title='bbox 1247 2762 1425 2827; x_wconf 88' lang='lat' dir='ltr'><strong>opponere,</strong></span> 
     </span>
     <span class='ocr_line' id='line_1_21' title="bbox 298 2844 1426 2935; baseline 0 -22"><span class='ocrx_word' id='word_1_156' title='bbox 298 2859 333 2913; x_wconf 91' lang='lat' dir='ltr'><strong>et</strong></span> <span class='ocrx_word' id='word_1_157' title='bbox 355 2859 530 2935; x_wconf 86' lang='lat' dir='ltr'><strong>postquam</strong></span> <span class='ocrx_word' id='word_1_158' title='bbox 554 2848 597 2913; x_wconf 91' lang='lat' dir='ltr'><strong>D.</strong></span> <span class='ocrx_word' id='word_1_159' title='bbox 621 2848 767 2912; x_wconf 86' lang='lat' dir='ltr'><strong>Nuntius</strong></span> <span class='ocrx_word' id='word_1_160' title='bbox 783 2844 870 2911; x_wconf 88' lang='lat' dir='ltr'><strong>Suae</strong></span> <span class='ocrx_word' id='word_1_161' title='bbox 891 2846 1074 2913; x_wconf 77' lang='lat' dir='ltr'><strong>Caesareae</strong></span> <span class='ocrx_word' id='word_1_162' title='bbox 1088 2848 1256 2935; x_wconf 86' lang='lat' dir='ltr'><strong>Majestati</strong></span> <span class='ocrx_word' id='word_1_163' title='bbox 1281 2857 1426 2914; x_wconf 89' lang='lat' dir='ltr'><strong>mentem</strong></span> 
     </span>
     <span class='ocr_line' id='line_1_22' title="bbox 298 2952 1427 3040; baseline 0.002 -21"><span class='ocrx_word' id='word_1_164' title='bbox 298 2978 379 3020; x_wconf 89' lang='lat' dir='ltr'><strong>suae</strong></span> <span class='ocrx_word' id='word_1_165' title='bbox 396 2954 502 3019; x_wconf 80' lang='lat' dir='ltr'><strong>Aulae</strong></span> <span class='ocrx_word' id='word_1_166' title='bbox 525 2957 560 3019; x_wconf 92' lang='lat' dir='ltr'><strong>in</strong></span> <span class='ocrx_word' id='word_1_167' title='bbox 585 2956 717 3040; x_wconf 86' lang='lat' dir='ltr'><strong>seriptis</strong></span> <span class='ocrx_word' id='word_1_168' title='bbox 735 2952 893 3034; x_wconf 85' lang='lat' dir='ltr'><strong>retulerit,</strong></span> <span class='ocrx_word' id='word_1_169' title='bbox 918 2953 1079 3040; x_wconf 84' lang='lat' dir='ltr'><strong>¹Ejusdem</strong></span> <span class='ocrx_word' id='word_1_170' title='bbox 1094 2955 1427 3022; x_wconf 88' lang='lat' dir='ltr'><strong>remonstrationibus</strong></span> 
     </span>
     <span class='ocr_line' id='line_1_23' title="bbox 298 3049 1427 3129; baseline 0.001 -3"><span class='ocrx_word' id='word_1_171' title='bbox 298 3060 426 3126; x_wconf 83' lang='lat' dir='ltr'><strong>suffulti</strong></span> <span class='ocrx_word' id='word_1_172' title='bbox 451 3061 625 3126; x_wconf 87' lang='lat' dir='ltr'><strong>Datariam</strong></span> <span class='ocrx_word' id='word_1_173' title='bbox 658 3061 701 3127; x_wconf 92' lang='lat' dir='ltr'><strong>ad</strong></span> <span class='ocrx_word' id='word_1_174' title='bbox 735 3061 961 3126; x_wconf 88' lang='lat' dir='ltr'><strong>desistendum</strong></span> <span class='ocrx_word' id='word_1_175' title='bbox 995 3084 1033 3127; x_wconf 92' lang='lat' dir='ltr'><strong>eo</strong></span> <span class='ocrx_word' id='word_1_176' title='bbox 1067 3061 1199 3129; x_wconf 84' lang='lat' dir='ltr'><strong>facilius</strong></span> <span class='ocrx_word' id='word_1_177' title='bbox 1222 3049 1359 3128; x_wconf 76' lang='lat' dir='ltr'><strong>flectere&#39;</strong></span> <span class='ocrx_word' id='word_1_178' title='bbox 1386 3084 1427 3127; x_wconf 88' lang='lat' dir='ltr'><strong>ae</strong></span> 
     </span>
     <span class='ocr_line' id='line_1_24' title="bbox 299 3167 1427 3235; baseline 0.001 -2"><span class='ocrx_word' id='word_1_179' title='bbox 299 3169 415 3233; x_wconf 87' lang='lat' dir='ltr'><strong>Rmae.</strong></span> <span class='ocrx_word' id='word_1_180' title='bbox 436 3167 532 3233; x_wconf 89' lang='lat' dir='ltr'><strong>Dnis.</strong></span> <span class='ocrx_word' id='word_1_181' title='bbox 551 3169 686 3233; x_wconf 88' lang='lat' dir='ltr'><strong>Vestrae</strong></span> <span class='ocrx_word' id='word_1_182' title='bbox 711 3179 778 3233; x_wconf 88' lang='lat' dir='ltr'><strong>tam</strong></span> <span class='ocrx_word' id='word_1_183' title='bbox 804 3168 861 3232; x_wconf 94' lang='lat' dir='ltr'><strong>diu</strong></span> <span class='ocrx_word' id='word_1_184' title='bbox 886 3167 1023 3233; x_wconf 90' lang='lat' dir='ltr'><strong>dilatam</strong></span> <span class='ocrx_word' id='word_1_185' title='bbox 1048 3168 1333 3235; x_wconf 84' lang='lat' dir='ltr'><strong>confirmationem</strong></span> <span class='ocrx_word' id='word_1_186' title='bbox 1357 3179 1427 3234; x_wconf 86' lang='lat' dir='ltr'><strong>tan·</strong></span> 
     </span>
     <span class='ocr_line' id='line_1_25' title="bbox 298 3274 1428 3363; baseline 0.002 -24"><span class='ocrx_word' id='word_1_187' title='bbox 298 3275 376 3339; x_wconf 89' lang='lat' dir='ltr'><strong>dem</strong></span> <span class='ocrx_word' id='word_1_188' title='bbox 409 3274 452 3339; x_wconf 92' lang='lat' dir='ltr'><strong>ad</strong></span> <span class='ocrx_word' id='word_1_189' title='bbox 484 3275 585 3340; x_wconf 86' lang='lat' dir='ltr'><strong>finem</strong></span> <span class='ocrx_word' id='word_1_190' title='bbox 616 3275 797 3361; x_wconf 84' lang='lat' dir='ltr'><strong>perducere</strong></span> <span class='ocrx_word' id='word_1_191' title='bbox 821 3275 1008 3358; x_wconf 87' lang='lat' dir='ltr'><strong>valeamus,</strong></span> <span class='ocrx_word' id='word_1_192' title='bbox 1045 3275 1132 3362; x_wconf 92' lang='lat' dir='ltr'><strong>quod</strong></span> <span class='ocrx_word' id='word_1_193' title='bbox 1163 3300 1206 3340; x_wconf 84' lang='lat' dir='ltr'><strong>ex</strong></span> <span class='ocrx_word' id='word_1_194' title='bbox 1236 3287 1329 3363; x_wconf 89' lang='lat' dir='ltr'><strong>parte</strong></span> <span class='ocrx_word' id='word_1_195' title='bbox 1353 3298 1428 3341; x_wconf 90' lang='lat' dir='ltr'><strong>mea</strong></span> 
     </span>
     <span class='ocr_line' id='line_1_26' title="bbox 297 3380 1058 3461; baseline 0.001 -16"><span class='ocrx_word' id='word_1_196' title='bbox 297 3382 461 3446; x_wconf 88' lang='lat' dir='ltr'><strong>animitus</strong></span> <span class='ocrx_word' id='word_1_197' title='bbox 485 3380 646 3461; x_wconf 89' lang='lat' dir='ltr'><strong>desidero,</strong></span> <span class='ocrx_word' id='word_1_198' title='bbox 672 3392 705 3445; x_wconf 92' lang='lat' dir='ltr'><strong>et</strong></span> <span class='ocrx_word' id='word_1_199' title='bbox 728 3391 916 3446; x_wconf 81' lang='lat' dir='ltr'><strong>constanter</strong></span> <span class='ocrx_word' id='word_1_200' title='bbox 941 3404 1058 3446; x_wconf 86' lang='lat' dir='ltr'><strong>maneo</strong></span> 
     </span>
    </p>
   </div>
   <div class='ocr_carea' id='block_1_3' title="bbox 391 3505 799 3591">
    <p class='ocr_par' dir='ltr' id='par_1_3' title="bbox 391 3505 799 3591">
     <span class='ocr_line' id='line_1_27' title="bbox 391 3505 799 3591; baseline 0.005 -23"><span class='ocrx_word' id='word_1_201' title='bbox 391 3505 516 3570; x_wconf 89' lang='lat' dir='ltr'><strong>Romae</strong></span> <span class='ocrx_word' id='word_1_202' title='bbox 540 3505 571 3570; x_wconf 91' lang='lat'><strong>6.</strong></span> <span class='ocrx_word' id='word_1_203' title='bbox 595 3506 675 3591; x_wconf 89' lang='lat' dir='ltr'><strong>Maji</strong></span> <span class='ocrx_word' id='word_1_204' title='bbox 703 3507 799 3570; x_wconf 79' lang='lat'>1719.</span> 
     </span>
    </p>
   </div>
   <div class='ocr_carea' id='block_1_4' title="bbox 515 3656 1063 3725">
    <p class='ocr_par' dir='ltr' id='par_1_4' title="bbox 515 3656 1063 3725">
     <span class='ocr_line' id='line_1_28' title="bbox 515 3656 1063 3725; baseline 0.007 -5"><span class='ocrx_word' id='word_1_205' title='bbox 515 3656 641 3720; x_wconf 88' lang='lat' dir='ltr'><strong>Illmae.</strong></span> <span class='ocrx_word' id='word_1_206' title='bbox 662 3668 700 3722; x_wconf 63' lang='lat' dir='ltr'><strong>„et</strong></span> <span class='ocrx_word' id='word_1_207' title='bbox 723 3657 835 3721; x_wconf 85' lang='lat' dir='ltr'><strong>Rmae.</strong></span> <span class='ocrx_word' id='word_1_208' title='bbox 861 3656 940 3721; x_wconf 90' lang='lat' dir='ltr'><strong>Dni.</strong></span> <span class='ocrx_word' id='word_1_209' title='bbox 966 3657 1063 3725; x_wconf 87' lang='lat' dir='ltr'><strong>Vrae.</strong></span> 
     </span>
    </p>
   </div>
   <div class='ocr_carea' id='block_1_5' title="bbox 300 3782 1494 3983">
    <p class='ocr_par' dir='ltr' id='par_1_5' title="bbox 300 3782 1494 3983">
     <span class='ocr_line' id='line_1_29' title="bbox 892 3782 1494 3867; baseline 0.002 -22"><span class='ocrx_word' id='word_1_210' title='bbox 892 3804 1022 3867; x_wconf 91' lang='lat' dir='ltr'><strong>semper</strong></span> <span class='ocrx_word' id='word_1_211' title='bbox 1046 3782 1293 3847; x_wconf 87' lang='lat' dir='ltr'><strong>addiotiesimus</strong></span> <span class='ocrx_word' id='word_1_212' title='bbox 1492 3858 1494 3861; x_wconf 9' lang='lat' dir='ltr'>y</span> 
     </span>
     <span class='ocr_line' id='line_1_30' title="bbox 300 3896 1404 3983; baseline 0.004 -24"><span class='ocrx_word' id='word_1_213' title='bbox 300 3896 424 3981; x_wconf 87' lang='lat' dir='ltr'><strong>(A.Pr.</strong></span> <span class='ocrx_word' id='word_1_214' title='bbox 437 3896 482 3961; x_wconf 89' lang='lat' dir='ltr'><strong>St.</strong></span> <span class='ocrx_word' id='word_1_215' title='bbox 495 3898 630 3962; x_wconf 67' lang='lat' dir='ltr'><strong>aaa</strong></span> <span class='ocrx_word' id='word_1_216' title='bbox 642 3897 711 3983; x_wconf 80' lang='lat' dir='ltr'><strong>Tr.)</strong></span> <span class='ocrx_word' id='word_1_217' title='bbox 782 3896 1009 3962; x_wconf 81' lang='lat' dir='ltr'><strong>Cardinalis</strong></span> <span class='ocrx_word' id='word_1_218' title='bbox 1032 3922 1052 3961; x_wconf 89' lang='lat' dir='ltr'><strong>a</strong></span> <span class='ocrx_word' id='word_1_219' title='bbox 1076 3896 1404 3964; x_wconf 83' lang='lat' dir='ltr'><strong>Sehrattenbaoh.</strong></span> 
     </span>
    </p>
   </div>
   <div class='ocr_carea' id='block_1_6' title="bbox 0 0 1868 5617">
    <p class='ocr_par' dir='ltr' id='par_1_6' title="bbox 0 0 1868 5617">
     <span class='ocr_line' id='line_1_31' title="bbox 0 0 1868 5617; baseline 0 0"><span class='ocrx_word' id='word_1_220' title='bbox 0 0 1868 5617; x_wconf 95' lang='lat' dir='ltr'><strong> </strong></span> 
     </span>
    </p>
   </div>
  </div>
 </body>
</html>
