3725 5617
366 639 418 693 784
693 639 723 692 L.
743 639 790 693 IV.
828 639 869 691 De
888 638 993 692 Unione
1012 637 1161 693 Serborum.

367 783 488 864 millia,
520 793 553 846 et
578 781 690 868 populi
721 784 803 846 ritus
827 781 915 845 illius
944 780 1041 865 longe
1071 780 1201 868 lateque
1233 783 1267 845 in
1293 784 1369 869 ipsa
1398 783 1489 848 etium

367 889 611 955 Transilvania.
658 890 704 953 Et
728 889 799 974 jam
825 899 941 974 suapte
973 891 1071 952 etiam
1096 899 1213 974 sponte
1244 889 1352 977 aliqui
1385 888 1488 977 cupidi

365 997 500 1081 linguae
523 995 645 1060 latinae
674 995 782 1081 legere
807 995 930 1059 ibidem
957 995 1101 1059 discunt.
1149 996 1215 1059 Vix
1247 1007 1406 1080 putarem
1430 995 1490 1060 effi·

367 1106 479 1168 casius
503 1103 648 1168 medium
673 1104 715 1168 ad
740 1105 902 1167 sinceram
920 1103 1086 1167 Unionem
1112 1114 1144 1167 et
1167 1104 1273 1168 bonos
1297 1104 1490 1168 christianos

368 1233 476 1275 mores
508 1209 718 1274 imbibendos
749 1232 847 1296 quam
873 1212 900 1273 si
929 1232 1005 1273 cum
1031 1209 1115 1274 lacte
1139 1210 1314 1276 literarum
1346 1213 1491 1298 spiritum

367 1318 550 1404 genuinum
564 1325 697 1381 sanctae
709 1317 849 1380 Unionis
860 1326 892 1380 et
903 1338 1030 1379 morum
1043 1315 1303 1381 christianorum
1317 1317 1491 1383 hauserint

458 1432 655 1517 Priusquam
680 1431 852 1496 ordinibus
877 1433 1059 1513 initientur,
1085 1453 1143 1517 pro
1168 1443 1268 1517 captu
1295 1456 1358 1498 suo
1374 1445 1491 1498 certum

369 1538 505 1623 regendi
539 1539 758 1602 conscientias
793 1538 985 1602 methodum
1027 1538 1232 1603 erudiantur.
1288 1539 1493 1605 Instruantur

370 1646 470 1709 etiam
494 1643 536 1708 ad
562 1654 667 1708 certos
697 1655 729 1708 et
753 1647 956 1709 necessarios
981 1667 1141 1724 canones,
1172 1644 1215 1708 ad
1239 1645 1493 1710 administratio

370 1774 446 1816 nem
472 1761 752 1815 sacramentorum
777 1753 811 1816 in
836 1751 953 1816 iisdem
979 1751 1110 1815 scholis.

461 1865 545 1930 Cum
570 1876 681 1930 autern
707 1888 812 1930 canon
838 1866 967 1930 illorum
994 1867 1157 1951 Spiritum
1182 1888 1206 1929 s.
1233 1876 1336 1951 neget
1359 1890 1382 1930 a
1406 1867 1494 1931 Patre

371 1973 523 2059 Filioque
547 1974 724 2057 procedere
749 1984 781 2037 et
805 1973 904 2054 dicat,
930 1997 951 2037 o
975 1974 1069 2036 Patre
1094 1972 1194 2036 solum
1210 1973 1393 2058 procedere
1417 1984 1447 2038 et
1465 1975 1495 2036 ia

371 2079 457 2145 Filio
481 2081 670 2165 requiescere
703 2080 806 2167 (quod
831 2103 895 2145 non
928 2091 1056 2144 tantum
1081 2078 1241 2158 schisma,
1279 2080 1339 2144 sed
1372 2093 1407 2144 et
1429 2079 1494 2144 hac-

370 2188 469 2252 resim
503 2188 620 2271 sapit),
657 2188 840 2269 corrigatur
872 2186 1002 2250 illorum
1036 2207 1160 2267 canon,
1197 2187 1313 2271 sicque
1354 2203 1495 2252 correcto

371 2304 508 2357 utantur
531 2315 645 2357 omnes
669 2294 794 2375 uniti1).

463 2408 630 2488 Quoniam
671 2410 859 2492 ignorantia
898 2410 1095 2491 gravissima
1134 2406 1288 2471 laborant
1329 2421 1404 2473 tum
1440 2410 1497 2496 ipsi

373 2514 559 2579 sacerdotes
589 2525 659 2578 tum
693 2518 792 2579 etiam
825 2513 936 2600 populi
963 2536 1075 2577 eorum
1106 2535 1216 2577 rerum
1240 2515 1440 2580 divinarum
1470 2527 1499 2579 et

372 2621 415 2685 ad
445 2620 584 2685 salutem
616 2624 875 2686 necessariarum
909 2624 1087 2706 praecipue
1111 2620 1269 2702 Valachi,
1304 2624 1352 2686 ita
1387 2633 1426 2687 ut
1447 2622 1499 2687 alii

370 2728 558 2792 sacerdotes
589 2751 651 2792 nec
675 2730 772 2793 Pater
796 2730 930 2807 Noster,
967 2728 1022 2791 alii
1055 2751 1115 2792 nec
1148 2728 1287 2792 formam
1321 2728 1499 2816 Baptismi,

371 2833 429 2898 alii
455 2858 517 2898 nec
540 2834 757 2900 absolutionis
782 2846 814 2898 et
833 2837 1089 2899 consecrationis
1111 2835 1249 2899 sormam
1265 2834 1426 2918 calleant,
1447 2836 1498 2901 ali·

370 2942 458 3028 quod
484 2941 585 3005 breve
610 2942 780 3028 exemplar
803 2944 1001 3028 quantocius
1019 2944 1227 3027 imprimatur
1249 2941 1446 3026 glagolitico
1468 2958 1499 3006 et

369 3047 472 3113 latino
497 3060 576 3134 typo
607 3049 721 3133 lingua
745 3048 892 3129 illorum,
926 3058 962 3112 ut
986 3052 1033 3112 sic
1057 3048 1186 3112 facilius
1210 3047 1335 3112 erudiri
1372 3053 1499 3137 possint

371 3166 404 3219 et
426 3155 532 3220 excoli
557 3157 656 3219 etiam
682 3178 741 3240 per
763 3166 891 3219 nostros
915 3155 1101 3219 sacerdotes
1126 3165 1158 3217 ct
1181 3156 1364 3221 ministros.

460 3270 674 3356 lnrprimatur
707 3273 805 3334 etiam
831 3270 981 3334 similiter
1015 3269 1234 3333 catechismus
1267 3269 1386 3336 brevis
1421 3284 1498 3359 typo

371 3377 469 3441 simili
501 3378 631 3463 adjecta
662 3381 761 3442 etiarn
792 3378 906 3461 lingua
939 3378 1051 3441 latina.
1107 3376 1357 3463 Complectetur
1390 3391 1499 3445 autem

372 3484 592 3548 catechismus
624 3484 852 3570 principaliter
882 3487 992 3569 capita
1025 3484 1150 3570 aliquot
1174 3483 1249 3547 fidei
1286 3498 1319 3548 et
1345 3485 1499 3564 Unionis,

372 3603 405 3656 et
428 3613 576 3655 normam
602 3592 679 3656 honi
706 3590 897 3656 Christiani.

461 3705 495 3770 Si
520 3707 677 3793 expedire
699 3706 876 3788 videretur,
902 3707 993 3771 salvo
1012 3705 1145 3770 meliore
1164 3705 1304 3790 judicio,
1330 3706 1421 3772 forte
1436 3730 1500 3773 non

372 3824 456 3877 esset
487 3813 628 3894 malum,
664 3824 700 3876 ut
725 3816 807 3878 uniti
841 3814 954 3899 populi
979 3815 1043 3876 ritu
1068 3834 1126 3876 suo
1158 3824 1288 3876 servato
1320 3814 1501 3879 reformato

372 3920 575 3985 Kalendario
600 3932 778 3986 uterentur.
828 3921 925 4002 Quod
951 3922 1078 3984 etiamsi
1109 3918 1220 4005 aliqua
1245 3940 1321 3981 cum
1348 3921 1502 3985 molestis

373 4030 406 4092 in
432 4030 596 4114 principio
620 4029 729 4105 fieret,
762 4029 860 4092 eredo
885 4041 995 4092 tamen
1022 4049 1091 4090 esse
1116 4024 1353 4111 practicabile,
1387 4029 1416 4091 si
1440 4027 1502 4092 dia·

373 4147 547 4221 ponantur.
601 4135 696 4198 Ratio
736 4135 835 4220 hujus
866 4158 936 4199 esse
972 4144 1094 4219 potest:
1137 4136 1164 4198 l.
1197 4134 1274 4219 quia
1313 4135 1419 4198 miser
1451 4133 1503 4198 ille

373 4242 515 4329 populus
540 4264 694 4326 magnam
719 4243 841 4326 patitur
858 4243 1056 4307 arduitatem
1082 4242 1116 4303 in
1142 4240 1204 4303 hoc
1228 4237 1316 4324 quod
1339 4262 1405 4305 sua
1421 4241 1504 4306 festa

373 4352 433 4413 vix
443 4349 621 4436 aliquando
633 4350 759 4434 possint
769 4347 936 4412 celebrare
947 4348 1040 4434 (hine
1052 4346 1191 4431 pullulat
1200 4348 1300 4409 etiam
1311 4347 1505 4431 ignorantia

407 4572 426 4635 ¹)
445 4575 499 4625 Cir.
518 4583 604 4621 tamen
624 4589 691 4637 quae
710 4574 743 4621 de
757 4573 880 4634 liturgico
898 4573 949 4620 hoc
963 4579 1034 4620 textu
1052 4571 1285 4620 animadvertimus
1298 4570 1505 4621 Kslendarii

445 4655 463 4693 t.
484 4657 517 4707 2,
537 4660 562 4709 p.
583 4655 643 4707 410.
