3725 5617
368 619 437 670 1008
796 614 826 669 L.
845 613 894 668 Vl.
931 612 1063 681 Parerga

439 758 481 812 Ex
500 759 570 812 raris
595 765 624 812 et
648 756 710 811 visu
735 755 827 825 dignis
850 754 929 810 rebus
954 755 1097 809 aloanne
1115 755 1261 823 Stephano
1284 754 1425 824 Oenipoute
1444 771 1475 809 re

366 847 439 902 lictis
458 847 596 914 hodieque,
616 850 726 913 praeter
738 845 793 899 tria
812 860 895 899 aurea
908 844 1097 898 tintinnabula
1110 843 1269 899 ruthenicis
1287 844 1377 899 literis
1388 845 1476 898 arma

367 938 483 1005 scripta,
512 942 658 991 servantur
682 935 711 989 in
736 933 835 988 celebri
860 933 1017 987 collectione
1041 948 1090 987 seu
1117 948 1214 987 museo
1246 933 1417 989 Ambrasemi
1435 941 1478 987 tre

366 1027 456 1081 icones
476 1026 611 1095 pretiosae
631 1025 686 1079 ritu
705 1039 804 1091 graeco
823 1022 979 1077 elaboratae
998 1025 1027 1076 et
1045 1022 1200 1078 mtheuicis
1220 1022 1315 1078 titulis
1333 1031 1478 1077 ornatae·-

366 1115 459 1170 Prima
478 1116 622 1168 duodecim
643 1114 794 1181 Apostolos
814 1111 925 1165 exhibet
943 1111 994 1165 hac
1012 1111 1191 1181 inscriptione
1205 1112 1360 1182 insignita:
1377 1113 1480 1167 Jooaaee

370 1206 491 1259 Voiuodo
511 1211 538 1257 et
555 1205 632 1270 filius
651 1202 712 1268 ejus
732 1203 856 1256 Jonnnce
872 1208 1014 1270 potestate
1037 1202 1142 1269 (viad)
1167 1202 1295 1256 lfoimdn
1316 1208 1343 1255 et
1364 1202 1481 1255 Dnaamm

368 1292 562 1362 (gospodin)
583 1294 669 1344 totius
690 1298 780 1343 terrae
799 1290 920 1360 (aemljl
946 1292 1184 1361 Urcqrocoloclre'ae
1198 1292 1268 1357 fecit
1287 1293 1363 1345 lianc
1390 1294 1481 1344 icoaea.

368 1413 402 1423 -
421 1382 518 1436 Altera
536 1386 593 1434 tres
611 1380 724 1433 Sanctoa
738 1384 935 1447 repraesentat,
955 1379 1051 1446 quibus
1064 1380 1188 1434 Rutbeni
1208 1381 1374 1449 praecipuos
1390 1380 1483 1434 honores

366 1470 500 1535 tribuunt,
513 1469 617 1524 scilicet
627 1488 648 1523 s.
663 1471 803 1534 Alesion,
815 1470 1019 1536 metropolitam
1032 1470 1250 1538 Kiociensem¹),
1271 1472 1484 1539 tlraamutarqaa

368 1558 566 1626 (dudotvorec);
586 1575 608 1609 s.
628 1559 785 1624 Nicolaum,
807 1557 957 1625 Memorem
976 1558 1006 1609 in
1026 1557 1117 1625 Lycio
1138 1558 1356 1626 Episcopum
1380 1561 1484 1610 illituum

368 1656 496 1717 torquem
514 1652 542 1700 et
560 1663 581 1699 s.
603 1648 765 1699 ›neoniam-mn
786 1645 1020 1713 (prepodobn.l
1040 1646 1217 1700 Demetrium
1235 1648 1431 1718 l‘oloqdensem
1447 1661 1484 1700 see

366 1737 564 1795 Prilucensem.
595 1734 848 1805 llio-amaturque&
879 1741 909 1789 ct
939 1735 1034 1802 ipsum.
1062 1765 1094 1774 -
1119 1735 1219 1788 Tertia
1244 1742 1290 1790 est
1316 1737 1485 1791 sanctissime

368 1825 519 1893 Deiparoe,
538 1823 626 1878 solitis
645 1822 732 1877 literis
750 1823 890 1878 distincta.

859 1991 863 1998 ι
871 1988 899 1998 ΛΑ
903 1988 927 1998 vv
932 1987 1032 1998 rwvswv*

441 2092 480 2144 De
499 2090 566 2145 fatis
587 2090 722 2145 deremiee
741 2090 843 2144 hlohila
867 2091 901 2144 ad
921 2092 1047 2144 thronum
1065 2089 1216 2159 principale
1237 2091 1397 2146 bloldaviae
1414 2091 1484 2145 erecti

365 2179 454 2245 ¹deque
479 2178 567 2233 fratre
594 2179 652 2248 ejus
677 2178 810 2248 Gemgio,
838 2179 1013 2247 metropolita
1037 2178 1212 2245 Sutaviensi‚
1240 2187 1357 2249 praeter
1381 2187 1485 2235 mmm

367 2268 490 2336 superius
517 2268 646 2321 adductos
672 2285 689 2335 p
717 2267 784 2332 978,
810 2268 912 2322 consuli
931 2274 1062 2337 poterunt
1080 2268 1210 2332 Zedler,
1234 2271 1484 2325 maturianensis.

367 2358 454 2421 tet,
474 2372 517 2423 pp.
536 2358 692 2422 839-8403
712 2362 741 2409 ct
750 2356 897 2425 Episcopus
908 2356 1085 2422 Geretemis⁴)
1104 2356 1301 2414 Bernardus
1321 2359 1485 2428 Quiriniia

368 2446 503 2497 relatione
522 2446 560 2498 ad
582 2445 746 2498 Clementem
768 2447 824 2498 I'I’.
849 2447 931 2500 VIII.
957 2446 1039 2500 missa
1058 2462 1081 2500 a.
1103 2446 1186 2501 1599:
1212 2464 1267 2515 quo
1295 2450 1325 2504 in
1344 2451 1486 2505 documento

368 2538 460 2587 tamen
486 2532 566 2600 plura
590 2548 624 2587 ex
642 2534 748 2588 incerta
773 2534 846 2588 fame
864 2539 976 2603 accepta
1000 2534 1167 2601 referuntur,
1198 2536 1300 2604 quibus
1326 2538 1486 2593 historiam

369 2629 542 2675 monumenta
560 2639 614 2676 nou
628 2628 790 2676 consonant:
810 2629 842 2677 ut
855 2639 922 2689 ecce,
941 2639 1023 2691 quum
1036 2624 1139 2690 scribit,
1157 2626 1314 2693 principem
1327 2627 1485 2697 stephanon

368 2710 447 2764 Petri
461 2710 554 2770 filiurn,
573 2711 719 2765 crudeliter
737 2710 821 2766 luisse
835 2712 950 2767 occisum
964 2712 1060 2781 stipite
1078 2728 1127 2782 per
1142 2713 1263 2769 medium
1284 2731 1384 2785 corpus
1396 2716 1486 2770 adacta.

402 2907 423 2976 ¹)
444 2912 484 2959 Dc
503 2910 554 2958 hoc
574 2926 594 2958 s.
614 2911 712 2959 Alexio
732 2912 781 2965 cir.
802 2911 1002 2961 Kalendarii
1022 2920 1040 2964 t.
1063 2924 1093 2969 1..
1113 2928 1157 2976 pp.
1180 2924 1232 2961 100
1250 2924 1279 2962 et
1299 2916 1361 2979 482.

401 2984 422 3053 ἰ)
442 2992 468 3041 S.
488 2989 632 3052 Nicolaus‚
652 2992 800 3056 Episcopus
821 2993 965 3055 Myrensis,
990 2991 1135 3041 honorifico
1155 3004 1340 3055 cognomento
1361 2997 1409 3044 rori
1426 2995 1485 3061 lepa-

440 3058 557 3127 κηρύκου
587 3070 613 3110 et
645 3064 694 3110 rori
725 3065 968 3129 nrtrpoxopvqnlov
999 3064 1153 3126 insignitus,
1189 3066 1286 3114 lectori
1318 3083 1350 3115 ex
1388 3077 1485 3129 utroque

440 3132 601 3181 Kalendarii
625 3139 697 3181 tomo
723 3142 800 3182 notus
819 3143 866 3184 est.
904 3136 1075 3196 Ignoratione
1099 3135 1154 3183 veri
1179 3136 1293 3198 conjicit
1315 3139 1486 3187 Primisaer.

440 3204 493 3252 Die
511 3206 535 3256 k.
553 3206 576 3255 k.
594 3205 925 3268 ,Imbrum-Sammlung
943 3205 1045 3270 (Wien.
1075 3206 1152 3267 1819)
1178 3206 1271 3255 literas
1295 3210 1349 3272 ἡ),
1378 3224 1443 3274 qnae
1463 3209 1485 3256 ia

440 3276 517 3323 icone
541 3274 679 3336 leguntur,
707 3276 855 3340 supplendo
881 3277 1008 3339 legendas
1026 3292 1083 3325 esse
1107 3279 1234 3341 kz‘evskifi·
1262 3291 1325 3328 sunt
1353 3282 1422 3330 enim
1440 3278 1486 3328 ele·

440 3354 528 3394 menta
547 3347 652 3394 residua
670 3348 784 3396 nominis
805 3349 948 3412 ephyren,
968 3349 1072 3413 Lyciae.

399 3426 420 3489 ⁸)
441 3428 467 3477 S.
499 3426 650 3474 Demetrius
682 3427 843 3475 Prilucensis
874 3442 919 3475 seu
955 3428 1146 3490 Vologdensis‚
1181 3437 1277 3477 sancto
1312 3430 1412 3480 Alexio
1440 3433 1486 3478 lere

439 3488 570 3561 aequalis'‚
596 3498 663 3545 obiit
691 3510 765 3557 1391.
803 3498 995 3562 Compendium
1022 3501 1090 3547 vitae
1115 3499 1196 3548 habet
1216 3503 1401 3561 Martinor,
1426 3505 1486 3552 ,lna

434 3570 573 3631 gm-slav.
593 3570 625 3618 ad
646 3569 715 3617 diem
739 3581 778 3619 11.
798 3570 945 3628 Februarii,
964 3585 1052 3634 quoa
1074 3570 1208 3619 Ruthenis
1226 3572 1336 3626 colitur.

396 3645 417 3710 ⁴)
438 3648 551 3697 Librarii
577 3650 696 3697 codicem
724 3650 898 3698 describentis
922 3651 1064 3699 oscitantia
1095 3651 1192 3698 lactum
1219 3652 1344 3711 videtur,
1373 3662 1403 3702 ut
1426 3651 1487 3717 apud

438 3720 652 3782 Hurmuzalri,
688 3721 863 3783 Documente,
898 3729 916 3773 t.
945 3732 985 3780 3.,
1019 3736 1045 3785 p.
1075 3731 1124 3784 545
1156 3722 1210 3785 Jam
1245 3722 1355 3787 legatur
1390 3725 1487 3773 l'eacm

438 3792 559 3853 Argense
576 3813 611 3831 =
630 3793 744 3854 Episcop
769 3794 798 3839 al
821 3794 989 3855 Argeriulm)
1014 3807 1062 3856 pro
1094 3793 1202 3841 Vescovo
1229 3792 1379 3843 Cereteme.
1416 3793 1487 3859 Quod

438 3877 533 3911 nomen
563 3870 714 3926 corruptum
743 3879 823 3926 quum
852 3865 1070 3912 documentorum
1098 3864 1198 3923 editor,
1232 3866 1260 3913 in
1290 3866 1384 3916 indice
1412 3880 1488 3915 rem

437 3948 463 3996 p.
484 3933 550 3995 588,
579 3934 655 3996 signo
675 3935 889 3997 interrogationis
908 3931 941 4001 (i)
960 3935 1098 3999 apposito,
1122 3945 1212 3999 aperte
1231 3936 1355 3986 declaret
1374 3939 1489 4001 ignorare

438 4019 480 4062 se,
505 4019 634 4067 quaenam
660 4006 693 4053 sit
718 4006 770 4054 ista
795 4008 951 4068 episcopalis
975 4008 1079 4053 ecclesia
1102 4008 1232 4070 argensis
1258 4012 1287 4055 r'n
1308 4011 1447 4057 ,lloldaaa'a
1469 4015 1489 4056 et

443 4076 581 4137 lhlachr'a,
610 4091 705 4139 operae
732 4092 780 4125 nos
799 4077 910 4139 pretium
937 4078 1054 4125 tacturos
1073 4092 1222 4142 speramus,
1251 4081 1274 4128 si
1303 4081 1437 4144 quaedam
1460 4079 1488 4128 de

437 4147 552 4209 antiquis
578 4147 716 4195 catholicis
738 4147 888 4196 Moldaviae
913 4162 1046 4196 sacrorum
1072 4149 1234 4198 antistitibus
1260 4151 1327 4200 data
1352 4154 1488 4201 occasione

436 4217 545 4265 interius
565 4219 803 4267 animadvertamus
823 4234 867 4283 pp.
890 4218 1073 4282 1026-1027.

821 4457 1029 4472 W
