3725 5617
366 623 439 680 ioan
665 613 1202 688 mrmjuuesosusunosnuss

774 1027 822 1099 ,gr
843 1026 921 1083 litans
937 1025 1088 1097 protreptici:

572 1172 672 1228 Emi.
696 1173 736 1227 D.
761 1173 801 1227 D.
825 1169 997 1238 Josephi
1020 1167 1298 1230 cossa-Lusi,

517 1290 613 1342 Abtaila
632 1289 771 1341 nonasterii
786 1289 833 1350 τῆς
852 1283 1067 1355 Κρυπτοφέῤῥης
1084 1286 1119 1337 ad
1135 1286 1263 1337 auctorem
1280 1286 1352 1336 datia

440 1477 502 1495 ...
529 1436 651 1491 Primum
675 1437 782 1505 egregii
808 1436 898 1504 operis
916 1436 960 1490 tui
984 1433 1109 1490 volumen
1129 1432 1328 1502 Ἑοριολόγιον
1352 1432 1484 1500 arriperes

367 1542 432 1583 rere
450 1525 595 1580 thesaurus
613 1540 690 1580 sacer
702 1525 778 1579 visus
797 1531 847 1589 est,
867 1524 896 1579 iu
915 1540 968 1591 quo
986 1524 1040 1578 etsi
1059 1522 1256 1591 compendiose,
1274 1521 1392 1576 dilucide
1407 1533 1481 1574 tanen

368 1621 397 1671 et
414 1615 553 1683 sapienter
575 1615 608 1669 de
626 1613 763 1669 memoriis
781 1613 941 1668 Sanctomm
966 1612 1013 1680 qui
1031 1612 1061 1666 in
1079 1611 1164 1666 variis
1183 1611 1307 1666 ecclesiis
1333 1610 1481 1665 celebrantur

368 1704 461 1774 egisti.
498 1704 537 1757 Et
558 1708 592 1758 ut
610 1703 701 1758 studio
726 1708 755 1757 et
773 1701 960 1757 commoditati
985 1701 1105 1755 tironum
1131 1700 1159 1754 in
1178 1700 1265 1754 sacris
1285 1700 1385 1754 studiis
1406 1713 1480 1752 consu·

368 1794 445 1858 leres,
465 1792 643 1847 iudicationes
661 1791 823 1859 praecipuas
842 1790 993 1860 praebuisti
1013 1791 1047 1843 ad
1066 1790 1181 1857 majores
1201 1789 1337 1843 historiae
1355 1799 1382 1842 et
1399 1789 1478 1842 ritum

368 1882 559 1949 inquisitiones
584 1880 656 1949 apud
674 1880 809 1949 pleniores
834 1895 939 1948 quoque
964 1880 1054 1933 fontes
1072 1878 1214 1935 ineundas.
1240 1909 1271 1918 -
1290 1879 1386 1933 Altero
1408 1889 1476 1930 auten

368 1970 506 2025 volumine
534 1985 601 2038 opus
629 1971 701 2024 nuic
728 1969 849 2024 absolvis
876 1970 910 2024 de
934 1968 1019 2023 variis
1046 1983 1133 2037 agens
1157 1967 1379 2026 festivitatibus,
1404 1965 1478 2031 quibus

367 2074 422 2113 non
447 2066 491 2114 est
515 2059 543 2113 in
563 2059 655 2125 eliqua
672 2060 805 2114 mensium
830 2058 875 2113 die
893 2064 969 2112 certa
986 2058 1078 2123 sedes,
1105 2057 1274 2125 proindeque
1302 2056 1376 2110 festa
1393 2053 1479 2109 mobilis

367 2154 569 2215 nuncupantur.
615 2148 648 2203 In
686 2147 720 2201 iis
755 2164 860 2215 quoque
890 2163 945 2202 non
978 2147 1056 2200 modo
1087 2145 1257 2215 juvenilibus
1290 2145 1392 2199 studiis
1416 2141 1477 2194 iners

368 2252 445 2305 opem
464 2237 648 2302 utilissimam,
666 2237 713 2291 sed
732 2243 761 2292 et
776 2236 899 2291 omuibus
918 2252 1057 2291 sacrarum
1076 2251 1165 2289 rerum
1177 2235 1390 2289 scrutatoribus
1402 2230 1478 2299 quibas

367 2326 524 2393 plerumque
549 2342 637 2393 neque
655 2332 774 2395 tempus,
802 2341 890 2393 neque
908 2325 985 2390 libri,
1013 2340 1100 2392 nequa
1118 2340 1230 2380 suorum
1259 2324 1412 2378 studiorum
1425 2320 1483 2374 rania

367 2416 412 2469 sel
436 2415 593 2485 linguarum
619 2416 720 2483 peritia
744 2420 852 2469 tantum
877 2414 1014 2482 suppetit,
1043 2418 1077 2469 ut
1106 2430 1149 2468 res
1173 2413 1334 2482 hujusmodi
1358 2413 1431 2481 plene
1451 2425 1487 2462 es·

369 2504 477 2573 quirare
500 2504 614 2573 possint.
652 2504 778 2572 Quinimo
801 2503 952 2572 permultas
977 2508 1006 2557 et
1024 2503 1166 2570 praecipue
1185 2503 1357 2556 recentiores
1382 2501 1489 2556 notities

368 2608 437 2661 quae
462 2609 522 2648 cum
541 2593 675 2648 tironibus
700 2598 759 2647 tum
778 2592 918 2661 magistris
945 2591 1071 2646 difficiles
1089 2597 1181 2645 essent
1199 2607 1329 2656 accessu,
1356 2601 1387 2645 tu
1411 2589 1493 2658 paucis

368 2682 534 2752 perstringis
558 2687 588 2735 et
605 2682 717 2739 indicas.
755 2680 844 2749 Opere
868 2680 958 2750 igitur
985 2680 1035 2734 boc
1053 2687 1101 2734 tuo
1119 2680 1287 2748 diligentiae
1313 2689 1341 2735 et
1364 2679 1494 2732 doctrimc

368 2770 448 2840 pleno
467 2770 546 2825 valde
564 2771 597 2825 de
615 2769 714 2825 studiis
731 2770 831 2835 sacris,
859 2769 892 2824 de
911 2769 1041 2824 ecclcsiae
1059 2768 1158 2823 ritibus
1182 2776 1212 2822 et
1231 2768 1266 2823 dc
1287 2769 1356 2823 bono
1374 2768 1495 2821 fidelium

369 2860 487 2914 maxime
505 2858 692 2924 orientalium,
721 2858 788 2913 benc
816 2858 930 2913 meritus
958 2875 995 2917 es.
1032 2857 1087 2912 Nos
1106 2873 1170 2911 vero
1197 2856 1249 2911 tibi
1271 2857 1443 2927 gratulamur
1469 2873 1497 2908 aa

368 2948 544 3016 praesertim,
563 2948 633 3015 quod
651 2948 715 3002 dnm
733 2962 861 3015 graecum
880 2946 964 3001 ritum
983 2947 1137 3014 sequimur,
1164 2946 1198 3000 de
1216 2962 1321 3014 graeco
1339 2945 1497 3000 Kelenderis

369 3041 398 3090 et
422 3035 503 3090 iestis
528 3041 557 3089 te
576 3042 654 3090 tanto
679 3051 736 3090 cum
757 3036 816 3090 uelo
841 3043 870 3090 et
888 3036 1013 3090 doctrina
1038 3036 1126 3105 egisse
1152 3036 1288 3093 novimus.
1328 3035 1403 3103 Opus
1427 3044 1497 3087 tuum

370 3124 444 3178 baud
468 3140 582 3193 parvam
599 3125 747 3193 symbolam
772 3124 853 3179 affert
872 3140 972 3193 magno
997 3124 1054 3190 illi,
1082 3125 1125 3178 cui
1151 3125 1237 3178 instat
1258 3124 1384 3178 Ecclesia
1402 3135 1498 3184 sancia,

369 3212 444 3281 operi
470 3229 519 3281 pro
538 3213 659 3267 fidelibus
678 3214 781 3267 rituum
799 3214 987 3279 orientalium,
1015 3213 1060 3269 cul
1078 3221 1107 3268 et
1124 3229 1197 3268 nunc
1215 3213 1272 3267 Leo
1292 3214 1370 3269 Xlll.
1398 3213 1497 3280 sapien·

369 3301 476 3355 tissime
502 3301 634 3368 intendit,
662 3309 695 3356 ut
718 3301 808 3370 palam
833 3308 876 3355 ast
899 3302 986 3356 exiis
1011 3317 1081 3369 quaa
1104 3303 1192 3371 gessit
1216 3318 1266 3370 pro
1286 3303 1430 3358 Armenia.
1456 3317 1498 3367 pra

369 3390 473 3454 Slsvis,
503 3406 551 3458 pro
570 3390 682 3445 Graecis
700 3395 733 3444 nt
751 3397 780 3445 et
798 3407 846 3459 pro
865 3391 957 3456 nobis,
986 3391 1057 3460 apud
1083 3406 1148 3458 quos
1166 3391 1238 3444 rotis
1258 3407 1386 3444 annuens
1406 3389 1497 3443 nostru

369 3478 440 3533 ritus
458 3479 603 3546 pristinam
621 3478 769 3546 puritatem
789 3480 937 3537 revocavit.
976 3479 1045 3534 Vale
1069 3485 1098 3533 et
1116 3495 1200 3545 nsque
1220 3479 1374 3546 impensius¹
1394 3479 1429 3531 ad
1447 3477 1497 3545 pul·

369 3566 550 3622 chritudinem
576 3583 690 3636 sponsae
709 3568 825 3632 Christi,
853 3584 923 3635 quae
951 3576 994 3622 est
1012 3568 1133 3623 Ecclesia
1159 3569 1329 3622 circumdata
1358 3569 1498 3621 sauciata.

369 3654 559 3711 illustrandum
587 3671 684 3725 perge,
713 3657 776 3711 dum
800 3656 851 3711 tibi
877 3657 973 3712 uberes
998 3657 1027 3711 in
1052 3657 1133 3711 terris
1157 3655 1265 3710 fruetus
1291 3665 1321 3711 et
1346 3657 1497 3724 majoram

369 3744 450 3799 coelis
469 3745 590 3814 praemia
608 3746 766 3802 ominamur.

443 3852 485 3906 Ex
503 3854 669 3908 Monasterio
687 3851 713 3911 S.
732 3854 767 3913 Μ,
787 3852 1029 3921 Cryptaeierratae
1046 3851 1089 3906 die
1107 3853 1151 3909 30.
1170 3850 1339 3919 Septembris
1361 3853 1441 3908 1881.
