3725 5617
364 636 418 690 648
537 636 568 690 L.
590 636 641 690 lii.
680 638 719 690 De
739 636 854 689 historia
872 636 1001 697 ecciesiae
1019 636 1201 690 Rumenorum
1221 636 1325 690 unitae.

365 779 539 845 Battlryau¹i,
559 780 691 846 Episcopo
712 780 799 832 latino
810 779 1016 832 Transiivaniae
1035 779 1093 832 uiro
1111 779 1147 831 ad
1168 780 1193 831 id
1214 796 1311 831 ruuuus
1333 781 1383 832 uei
1404 780 1511 834 idcirco

365 869 517 936 permoneo,
531 869 601 934 quod
615 868 674 935 ipsi,
688 883 736 921 ceu
750 868 862 933 antiqno
877 868 991 936 Collegii
1004 868 1156 921 Germanici
1171 875 1199 921 et
1211 868 1368 936 Hungarici
1383 870 1507 949 alumno

365 958 503 1012 amicitiae
521 958 690 1011 necessitudo
710 973 770 1011 cum
788 957 822 1010 iis
842 956 1055 1010 hieromouachis
1075 956 1342 1011 Baitzsfalvensibns
1364 967 1438 1020 erat,
1458 960 1505 1025 qni

365 1047 467 1100 Rornae
485 1046 656 1102 studuerant.
694 1048 863 1099 Documenta
886 1046 938 1099 huc
956 1046 1109 1113 spectantia
1134 1046 1219 1099 refert
1239 1047 1366 1101 Petrus
1388 1049 1506 1117 Major,

365 1137 481 1190 istorio
507 1137 633 1190 Buseric.
662 1136 861 1200 dictionarium,
888 1151 930 1201 pp.
951 1136 1113 1189 aia-222.
1153 1135 1227 1188 Haec
1251 1136 1316 1201 qnia
1341 1146 1414 1204 apta
1439 1148 1506 1191 sunt

365 1226 532 1294 episcopatui
552 1225 680 1294 Gregorii
699 1225 786 1292 iiajor
804 1224 965 1277 illustrando
985 1240 1034 1277 nec
1053 1224 1151 1290 passim
1171 1224 1290 1290 obviat,
1318 1224 1363 1277 hic
1383 1227 1505 1294 adscrip

364 1314 432 1368 sisse
452 1330 470 1367 a
488 1314 625 1382 proposito
644 1321 737 1366 nostro
756 1314 874 1367 alienum
893 1330 947 1366 non
967 1312 1059 1366 inerit.

607 1573 796 1637 Reverendi
822 1575 856 1636 in
882 1573 1014 1636 Christo
1039 1573 1171 1636 Patres!

456 1725 510 1788 Ad
544 1724 694 1811 querelas
727 1746 786 1809 per
810 1724 1031 1787 Paternitates
1056 1725 1191 1787 Vestras
1224 1724 1389 1788 adversus
1425 1726 1503 1811 Epi-

365 1854 503 1917 scopum
534 1843 566 1895 et
589 1831 778 1896 Praelatum
803 1854 916 1914 suum,
954 1854 993 1894 ac
1018 1833 1092 1894 vice
1116 1853 1212 1893 uersa
1245 1853 1304 1915 per
1327 1830 1422 1895 hunc
1447 1832 1497 1896 ad·

366 1961 481 2002 versus
505 1938 649 2002 Easdem
683 1934 864 2002 identider'n
889 1937 1040 2002 obmotas
1066 1938 1272 2001 Altissimam
1298 1938 1500 2003 determina·

366 2047 490 2110 tionem
523 2045 680 2130 Regiam,
718 2046 759 2109 de
792 2045 937 2129 benigno
965 2046 1063 2130 jussu
1097 2045 1199 2129 Regio
1233 2045 1502 2110 Paternitatibus

365 2151 494 2216 Vestris
525 2155 558 2217 in
591 2176 745 2217 consessu
770 2152 930 2216 hodierno
955 2162 1066 2215 notam
1093 2152 1241 2232 reddidi,
1278 2162 1311 2214 et
1341 2156 1503 2238 quamvis

366 2259 495 2324 nullum
528 2260 608 2324 mihi
635 2260 774 2324 dubium
799 2283 869 2323 esse
893 2262 1011 2344 possit,
1045 2260 1131 2322 hanc
1160 2258 1369 2322 Altissimam
1396 2260 1500 2324 deter-

367 2369 583 2431 minationem
608 2368 746 2451 Regiam
778 2391 798 2430 a
822 2367 863 2431 Se
896 2366 993 2450 plene
1025 2365 1227 2429 intellectam
1252 2387 1340 2447 esse,
1380 2366 1500 2431 nihilo·

367 2475 494 2554 minus,
519 2496 583 2559 quo
609 2474 739 2559 plenius
763 2475 966 2559 perspiciant
990 2472 1111 2555 singuli
1138 2472 1277 2535 eandem
1304 2474 1337 2535 in
1364 2476 1502 2558 punctis

367 2581 645 2645 concernentibus
669 2581 767 2644 isthic
791 2583 1000 2644 communico
1025 2582 1081 2658 ita,
1107 2590 1142 2642 ut
1167 2603 1233 2642 una
1250 2581 1499 2644 strictissimam

368 2687 457 2751 illius
489 2687 737 2752 observantiam
768 2687 968 2751 authoritate
992 2688 1096 2771 Regia
1127 2686 1190 2749 hac
1222 2688 1255 2749 in
1289 2698 1384 2770 parte
1417 2687 1500 2751 mibi

368 2817 526 2859 concessa
550 2797 771 2881 praecipiam3
808 2797 840 2858 in
867 2794 994 2879 reliquo
1019 2815 1092 2872 oro,
1124 2804 1156 2856 et
1181 2792 1325 2856 obtestor
1350 2794 1498 2858 Paterni·

366 2911 451 2966 tates
473 2904 627 2982 Vestras,
653 2914 688 2965 ut
715 2904 925 2966 meminerint
949 2901 1091 2974 ordinm,
1117 2901 1171 2962 cui
1196 2899 1386 2984 adscriptae
1412 2911 1500 2976 sunt,

367 3019 400 3071 et
423 3010 614 3085 ministerii,
651 3010 738 3094 quod
771 3019 907 3092 gerunt,
945 3031 983 3070 ac
1008 3006 1185 3070 ostendant
1216 3028 1341 3069 senon
1367 3019 1499 3071 tant-um

368 3137 534 3195 sermone,
571 3138 669 3200 quem
707 3139 816 3179 coram
850 3138 902 3179 me
939 3114 1207 3200 spoponderunt,
1244 3113 1301 3176 sed
1338 3123 1371 3176 et
1401 3137 1501 3199 opere

367 3223 511 3287 Praelati
550 3226 600 3287 sui
642 3224 833 3287 obedientes
870 3245 940 3285 esse
977 3222 1071 3285 filios.
1127 3220 1302 3284 Caeterum
1335 3221 1503 3306 religiosis

368 3330 523 3415 precibus
548 3331 798 3394 commendatus
823 3353 940 3394 maneo

581 3457 823 3520 Paternitaturu
849 3455 1042 3517 Vestraruiu

808 3581 849 3643 ad
876 3580 1088 3642 serviendum
1115 3579 1342 3662 paratissimus

708 3706 901 3789 lgnatius,
928 3705 1112 3789 Episcopus
1137 3700 1456 3764 Transilvaniensis

787 3829 924 3893 Comes
949 3828 994 3891 de
1018 3827 1217 3909 Batthynu
1244 3849 1286 3889 m.
1313 3848 1344 3909 p.

411 3953 641 4017 Balt'azsfalvae
669 3955 719 4016 16.
745 3955 825 4038 hluji
854 3954 949 4017 1782.

400 4214 419 4279 ¹)
439 4220 496 4278 Igu.
517 4217 591 4264 Com.
616 4216 648 4263 <le
670 4216 801 4277 Batthyan
827 4215 952 4261 fundator
977 4223 1015 4260 est
1035 4213 1146 4272 insignis
1166 4209 1346 4257 bibliothecae
1369 4211 1505 4275 Batthya-

436 4289 530 4336 pinnae
558 4288 688 4336 dioecesis
718 4285 975 4338 'l'rsusiiraniensis‚
1010 4285 1084 4344 cujus
1113 4284 1228 4331 indicem
1258 4282 1507 4344 uranuscriptorum

437 4375 532 4421 magno
553 4360 589 4406 rei
609 4359 741 4407 literarioe
761 4360 832 4406 bono
853 4374 895 4409 an,
915 4359 976 4418 1871
1000 4357 1070 4418 typis
1091 4354 1208 4415 vulgavit
1224 4356 1318 4399 Rmus.
1335 4354 1422 4401 Dnus.
1438 4357 1509 4409 Ant.

437 4431 525 4487 Beke,
553 4432 697 4478 canonicus
722 4430 940 4478 ACnrolinensis.
981 4430 1018 4474 Ex
1044 4442 1076 4474 ea
1105 4426 1194 4488 plures
1220 4424 1357 4485 symbolas
1387 4441 1403 4471 a
1424 4428 1509 4475 nobis

437 4503 517 4550 luisse
536 4504 716 4564 depromptas
737 4502 882 4548 identidem
903 4501 972 4561 grati
993 4514 1082 4545 sumus
1102 4498 1191 4544 testati

395 4580 416 4646 ¹)
436 4583 489 4631 Cir.
518 4583 649 4630 Literne
676 4582 885 4629 authenticae
912 4579 1068 4626 exhibentes
1093 4578 1210 4638 origines
1236 4575 1389 4623 scholarum
1421 4578 1504 4626 Hun-

435 4654 532 4716 gariae,
553 4654 617 4701 fasc.
639 4666 672 4712 z.,
691 4670 716 4716 p.
736 4664 797 4712 310.
828 4652 969 4700 Coloczae.
991 4650 1147 4712 Holmeyer.
1172 4648 1246 4710 1884.
