3725 5617
370 650 423 708 ost
543 652 574 708 L.
594 652 645 708 IIL
683 653 724 707 De
741 653 856 708 historia
874 655 1002 708 ecclesiae
1020 655 1201 709 Rumeuoruru
1220 656 1323 710 auitae.

372 796 440 861 cilii
473 797 661 862 Tridentini
695 797 863 862 dictamen
895 797 1022 861 Vicarii
1063 800 1149 862 inter
1181 800 1354 864 octiduum
1391 802 1501 868 fienda

371 904 487 970 electio
511 915 544 967 et
568 906 786 987 constituti0¹)
811 904 991 980 incumbit,
1025 906 1072 968 ita
1096 907 1129 969 in
1153 906 1249 987 locis,
1284 906 1343 971 ubi
1371 908 1501 974 nullum

370 1012 484 1075 existit
515 1011 704 1076 cathedrale
736 1010 946 1096 Capitulum,
977 1012 1166 1098 jurisdictio
1197 1013 1241 1077 ad
1271 1015 1500 1101 Metropolita-

370 1140 460 1200 num,
486 1117 540 1182 vel
563 1120 590 1183 si
614 1118 661 1183 ibi
686 1140 817 1204 quoque
835 1118 955 1184 Sedem
981 1140 1099 1182 vacare
1125 1122 1307 1203 contingat,
1331 1121 1380 1186 ad
1404 1120 1502 1209 Capi·

369 1224 475 1290 tulum
516 1226 675 1291 ecclesiae
709 1225 981 1310 metropolitanae
1017 1226 1077 1290 sub
1111 1226 1227 1291 eadem
1269 1230 1503 1295 constituendi

369 1332 496 1396 Vicarii
521 1331 724 1416 obligatione
748 1335 887 1396 transire
904 1331 1026 1413 solea).
1065 1335 1105 1397 Iu
1129 1333 1247 1397 horum
1263 1335 1412 1420 proinde
1427 1358 1502 1402 con-

369 1440 536 1503 formitate
560 1439 834 1504 hieromonachos
855 1441 1024 1503 instructis
1042 1439 1311 1525 jurisdictionem
1327 1440 1420 1507 Sede
1438 1446 1502 1530 epi·

369 1544 493 1632 scopeli
522 1545 766 1611 Baltsfalvensi
805 1558 944 1611 vacante
977 1546 1019 1609 ad
1049 1546 1352 1633 Archicpiscopum
1379 1549 1503 1637 Strigo

369 1655 536 1733 niensem,
572 1665 605 1718 et
635 1656 662 1717 si
694 1654 820 1717 ibidem
849 1676 980 1739 quoque
1004 1652 1124 1717 Sedem
1156 1675 1276 1717 vacare
1309 1659 1502 1741 contigerit,

369 1760 412 1825 ad
446 1759 637 1845 Capitulum
671 1759 955 1846 archiepiscopale
990 1759 1051 1823 sub
1086 1760 1287 1844 obligatione
1321 1762 1504 1828 Vicarium

369 1868 591 1932 constituendi
617 1866 763 1931 devolvi.

458 1984 502 2048 Et
533 1984 616 2048 haec
640 1994 732 2065 sunt,
769 2006 853 2069 quae
878 1983 974 2047 vobis
1007 1986 1039 2047 in
1066 1985 1181 2048 ordine
1213 1985 1256 2048 ad
1284 1987 1502 2071 querelarum

369 2115 428 2177 per
461 2091 736 2155 lrieromonachos
767 2101 881 2154 contra
909 2090 1113 2175 Episcopum
1147 2101 1179 2153 et
1208 2092 1282 2155 vice
1314 2114 1416 2158 versa
1449 2096 1504 2160 ob·

369 2209 532 2263 motarum
557 2211 681 2283 puncta
704 2198 848 2282 benigne
874 2196 1074 2260 declaranda
1097 2199 1296 2262 invenimus.
1337 2199 1503 2267 Vestrum

367 2307 508 2392 proinde
530 2308 602 2388 erit,
627 2306 947 2391 inconsequentiam
965 2303 996 2369 b.
1014 2304 1113 2390 hujus
1130 2304 1349 2370 ordinationis
1368 2321 1503 2374 nostrae

369 2436 532 2499 congruas
568 2436 626 2478 suo
661 2411 732 2477 loco
769 2411 1001 2497 dispositiones
1037 2411 1164 2492 facere.
1209 2422 1241 2474 et
1276 2412 1503 2482 demandatae

368 2520 478 2608 quoad
503 2519 662 2585 nonnulla
686 2519 816 2604 objecta
840 2520 1090 2583 informationes
1106 2518 1276 2582 Altissimo
1303 2527 1502 2608 conspectui

365 2628 486 2694 Nostro
510 2626 730 2691 substernere.

460 2751 591 2835 Quibus
615 2754 649 2816 in
674 2750 799 2838 reliquo
824 2753 931 2834 gratia
951 2751 1069 2815 Nostra
1094 2759 1155 2813 etc.
1203 2749 1328 2813 Datum
1355 2752 1393 2815 iu
1412 2751 1503 2818 Civi-

367 2871 436 2926 tate
468 2860 587 2925 Nostra
628 2858 761 2923 Vienna
794 2858 950 2922 Austriae
992 2857 1045 2921 die
1081 2858 1131 2920 12.
1165 2856 1366 2922 Decembris
1404 2861 1503 2927 1781.

367 2969 503 3054 Imperii
536 2968 648 3033 Nostri
682 2969 823 3033 Romani
860 2970 909 3033 18.
919 3019 928 3050 ‚
964 2969 1154 3053 Regnorum
1188 2990 1266 3032 vero
1306 2981 1503 3035 nostrorum

367 3075 577 3141 Haereditar.
602 3078 632 3140 2.

527 3218 743 3304 Josephus
767 3241 810 3281 m.
836 3241 867 3303 p.

733 3449 972 3514 Thaddaeus
996 3450 1033 3513 B.
1059 3472 1078 3511 a
1103 3448 1321 3512 Reischach
1348 3471 1394 3514 m.
1420 3473 1454 3536 p.

954 3591 1008 3654 Ad
1034 3591 1226 3654 mandatum

759 3699 846 3764 Suae
870 3700 1054 3784 Majestatis
1079 3697 1381 3782 Caesareo-Regiae

998 3807 1167 3890 proprium

847 3930 979 3995 David
1006 3930 1174 4013 Szdkely
1200 3951 1242 3995 m.
1268 3951 1300 4013 p.

396 4182 416 4235 ¹l
428 4185 506 4237 Sess.
527 4197 579 4247 24„
599 4185 628 4234 C.
653 4189 691 4233 10.
710 4186 741 4231 de
760 4185 898 4241 reformat.

393 4260 417 4330 ¹)
437 4264 551 4312 Consule
572 4266 783 4312 Benedictum
807 4266 864 4311 PP.
886 4265 963 4313 xlv,
984 4263 1014 4308 dc
1029 4263 1133 4326 {otrodo
1153 4263 1313 4320 illuscescere,
1333 4258 1351 4306 l.
1374 4272 1409 4316 2..
1429 4274 1495 4321 c.9.
