3725 5617
693 646 724 701 L.
743 646 791 701 IV.
829 648 869 701 De
890 645 994 701 Unionc
1012 646 1164 702 sorborum.

795 1621 1061 1727 caputii

430 1820 465 1894 tc
487 1819 607 1893 mam
628 1817 754 1894 weiss
775 1816 1048 2007 gram-tetigus
1075 1816 1104 1890 ir
1126 1816 1241 1891 trectis
1263 1817 1298 1891 et
1320 1817 1446 1893 sarm

853 1954 955 2023 gcrcra
1006 1987 1015 2009 .

529 2134 587 2186 Ex
604 2132 814 2186 Memoriali
831 2146 941 2187 meon
960 2131 1134 2197 Episcopi
1152 2130 1351 2197 stantem).

445 2274 534 2342 Quum
551 2273 623 2341 apud
642 2272 802 2327 Caesaream
814 2273 914 2328 Aulam
931 2273 965 2328 de
983 2288 1054 2327 nova
1071 2271 1330 2340 circumscriptione
1348 2271 1492 2330 cim

373 2362 691 2432 graeco-catholicarum
715 2369 846 2430 ageretur
869 2363 1037 2418 annis1809
1061 2360 1192 2426 celsio,
1221 2367 1312 2428 etque
1338 2363 1375 2418 ed
1397 2361 1493 2418 crim

374 2452 425 2506 hoc
452 2451 596 2520 negotium
623 2450 731 2505 facilius
756 2451 952 2519 expediendum
979 2451 1069 2519 pluras
1094 2449 1245 2505 consiliarii
1264 2451 1357 2508 aulici
1383 2447 1493 2507 dicacem?

376 2539 520 2595 Crisiensis
544 2540 761 2607 suppressionem
785 2540 830 2595 vel
855 2540 953 2596 saltem
978 2540 1132 2596 canonicam
1156 2555 1217 2593 cum
1242 2555 1320 2595 novo
1339 2541 1432 2609 aliquo
1451 2537 1495 2607 epi·

374 2634 490 2696 scopstn
515 2628 543 2682 iu
562 2628 709 2697 Huugaris
726 2628 855 2697 erigendo
881 2629 1097 2698 conjunctionem
1120 2627 1282 2695 suaderent,
1310 2629 1495 2686 Constantinus

375 2718 484 2784 stanit,
512 2718 639 2773 ecclesiae
663 2717 808 2772 Orisiensis
839 2724 907 2773 tuuc
934 2719 1058 2774 vacantis
1083 2718 1207 2773 Vicarius
1236 2724 1267 2773 et
1290 2720 1496 2776 Adminim

374 2809 481 2877 (postea
507 2808 657 2877 Episcopus
686 2808 906 2877 ists-1830),
934 2808 1099 2863 senteutiam
1126 2807 1160 2862 ab
1186 2807 1363 2876 imperatore
1388 2812 1495 2879 mpetu

373 2897 483 2967 insigne
503 2897 628 2952 volumen
647 2896 760 2961 obtulit,
781 2915 835 2965 pro
850 2896 954 2963 jurato
972 2899 1040 2964 tiele,
1059 2915 1114 2966 quo
1133 2914 1161 2951 se
1179 2898 1248 2951 oli-m
1266 2898 1382 2954 Romae
1396 2898 1497 2970 petrice

373 3003 442 3041 soce
461 2988 628 3052 devovisset,
649 2987 801 3055 oblipctum
820 2988 1005 3052 sesentiens,
1025 2988 1228 3055 episcopatum,
1253 2987 1343 3055 cujus
1363 2989 1496 3059 indiqu·

373 3076 524 3129 membrum
547 3092 576 3128 se
604 3081 780 3145 accresceret,
809 3076 885 3128 enini
903 3077 993 3129 animi
1016 3076 1063 3129 sui
1085 3075 1177 3145 cipere
1202 3076 1361 3141 defendere
1387 3076 1496 3143 (Induc-

373 3163 479 3218 tionis
507 3179 534 3219 n.
554 3164 591 3228 7).
628 3163 751 3218 Titulum
776 3164 849 3231 operi
875 3163 977 3218 huncce
1001 3164 1189 3232 praescripsit:
1219 3164 1323 3232 officii
1351 3161 1496 3222 dioecesani

376 3251 525 3306 Orisimrsis
546 3254 644 3306 relatio
670 3259 696 3307 et
716 3255 865 3321 respective
890 3255 1012 3307 decuisse
1031 3255 1125 3322 opinio
1149 3269 1236 3322 saper
1253 3258 1436 3325 reputatione
1451 3253 1496 3323 epi·

372 3347 538 3410 secpotmcm
556 3344 879 3410 praeco-catholicorum
895 3360 948 3411 per
967 3344 1160 3413 Hesperiam,
1186 3344 1217 3395 in
1236 3345 1332 3412 specie
1354 3347 1389 3399 de
1406 3345 1496 3414 spicer

367 3436 443 3499 potu
465 3430 616 3485 Gresiensi:
643 3432 825 3497 contormiter
849 3433 887 3484 cci
912 3432 1178 3502 benique-pretioso
1202 3431 1351 3488 Intimato
1383 3436 1417 3489 de
1439 3433 1494 3486 doe

370 3522 415 3573 27.
429 3520 536 3574 Martii
554 3524 632 3586 1810,
653 3521 688 3573 Ν.
702 3523 781 3586 4935,
801 3526 827 3572 et
845 3524 888 3574 23.
902 3522 1027 3591 [inpasti
1045 3537 1066 3574 e.
1087 3538 1120 3585 a„
1140 3521 1289 3576 N.17070.
1305 3552 1343 3563 -
1363 3521 1494 3578 Macrim

373 3606 402 3660 iu
422 3613 526 3675 septem
545 3608 675 3662 articulos
694 3608 842 3673 distribuit,
863 3624 928 3676 quos
946 3610 988 3664 ita
1005 3608 1157 3676 inscripsit:

443 3714 465 3767 Ι.
496 3714 571 3781 Quae
590 3715 668 3783 origo
687 3716 858 3784 episcopatus
877 3716 1113 3786 graeco-catholici
1132 3716 1161 3770 in
1180 3715 1295 3771 Oroatia
1313 3723 1346 3771 et
1358 3712 1493 3773 Slarouit?

371 3815 440 3867 quae
459 3802 517 3871 ejus
535 3803 757 3859 vicissitudines?

404 4007 424 4074 ¹)
444 4011 485 4057 De
510 4012 604 4060 eodem
637 4012 688 4061 hoc
714 4021 868 4076 argumento
894 4012 970 4075 plura
1001 4012 1116 4062 lectione
1142 4013 1223 4075 digna
1248 4013 1333 4063 habet
1360 4016 1396 4065 cl.
1419 4017 1492 4066 Dm·

443 4082 615 4131 Radoslav
629 4081 785 4147 Lopaiit,
804 4084 946 4133 Istrrlovac.
961 4085 1064 4132 Poto'est
1080 4087 1092 4131 i
1107 4085 1240 4148 mjcstopat
1255 4088 1354 4146 grado
1373 4091 1386 4135 i
1400 4087 1490 4135 oestke-

441 4153 551 4214 Zagrcb.
585 4154 660 4216 1879.
702 4157 739 4204 Iis
775 4164 862 4204 tamen
891 4171 921 4203 ex
951 4155 1086 4218 Symbolis
1117 4156 1214 4204 nostris
1247 4156 1355 4221 aliquid
1384 4154 1491 4210 clarioris

441 4222 548 4273 luminis
568 4224 679 4274 affusum
700 4228 740 4283 iri,
760 4227 876 4274 eruditus
895 4227 988 4284 lector,
1008 4228 1128 4276 instituto
1146 4227 1303 4286 collatione,
1322 4227 1490 4280 tacsseccin·

442 4295 568 4352 advertet,
607 4297 652 4345 Sic
671 4299 749 4355 enim,
768 4305 797 4345 ut
817 4297 866 4346 hoc
882 4305 983 4346 tantum
998 4300 1165 4360 attingamus,
1185 4299 1273 4362 primo
1286 4303 1382 4351 statim
1395 4304 1490 4366 aspectu

441 4366 634 4429 deprehendet,
664 4384 696 4416 ex
715 4370 854 4417 manifesta
872 4370 1039 4431 ignoratione
1059 4371 1114 4419 veri
1139 4371 1237 4418 factum
1257 4386 1333 4431 csse,
1363 4380 1395 4422 ut
1411 4379 1490 4421 arcem

439 4444 466 4485 et
485 4440 605 4486 Marcum
624 4436 719 4489 sortis
738 4448 865 4489 assereret
884 4441 1065 4504 presbyterum
1086 4441 1166 4490 fuisse
1185 4442 1251 4489 ritus
1272 4442 1353 4493 latini
1373 4443 1411 4509 (p.
1432 4437 1489 4506 157).

440 4515 466 4556 et
485 4509 636 4558 Gabrielem
658 4511 760 4562 Miakic
785 4520 902 4560 narraret
926 4527 941 4560 e
966 4513 1021 4560 uita
1046 4513 1156 4561 cessisse
1176 4513 1285 4563 Graecii
1309 4514 1348 4579 (p.
1373 4513 1445 4581 155),
1468 4517 1489 4559 et

439 4579 545 4628 titulum
564 4582 692 4645 Episcopi
711 4583 843 4631 Platensis
863 4584 1006 4646 conjiceret
1026 4598 1083 4632 esse
1102 4584 1271 4648 desumptum
1293 4601 1308 4635 a
1327 4586 1393 4637 loco
1407 4580 1488 4638 Pitffi

438 4650 476 4714 (p.
499 4649 572 4715 155),
601 4653 647 4701 ubi
667 4654 816 4719 Episcopus
836 4654 1020 4703 schismaticus
1039 4655 1280 4706 Carolostadiensis
1300 4658 1394 4709 sedem
1411 4656 1488 4708 habet.
