3725 5617
620 674 660 728 De
678 673 841 728 monasterio
860 673 996 730 llardeusi
1014 674 1141 730 canonice
1159 679 1256 731 erecto.
1431 677 1500 732 tabu

373 831 458 869 causa
476 817 554 882 latis,
581 816 604 870 si
624 817 720 884 quibus
739 816 939 884 quomodolibet
958 816 1095 872 innodatis
1113 817 1210 872 existit
1227 818 1262 872 ad
1280 816 1406 872 effectum
1424 833 1500 886 prae-

371 907 492 960 sentium
511 907 655 960 dumtaxat
673 906 893 974 consequentium
911 906 1008 960 barum
1025 907 1095 960 serie
1114 907 1284 962 absolventes
1303 910 1332 959 et
1347 906 1501 962 absolutum

373 995 434 1049 lore
452 1004 600 1060 censentes,
619 995 770 1064 hujusmodi
789 995 1031 1064 supplicationibus
1049 996 1173 1050 inclinati
1189 996 1217 1049 in
1229 995 1340 1050 aedibus
1351 995 1499 1066 praedictis

371 1085 397 1139 si
423 1092 452 1139 et
476 1091 618 1153 postquam
643 1093 813 1140 constructae
838 1085 942 1140 luerint
966 1101 1049 1138 unum
1067 1085 1259 1139 monasterium
1278 1083 1387 1138 Ordinis
1411 1085 1498 1138 saneti

372 1174 472 1228 Basilii
490 1191 550 1228 curn
568 1174 637 1229 suis:
657 1175 783 1240 claustro,
802 1174 952 1240 refectorio,
972 1174 1129 1229 dormitorio
1148 1174 1262 1240 aliisque
1280 1175 1396 1228 officinis
1410 1189 1498 1229 neces·

372 1263 454 1316 seriis
481 1279 529 1332 pro
557 1279 610 1317 uno
638 1264 736 1316 abbate
764 1271 792 1317 et
811 1263 962 1328 monacbis,
991 1264 1036 1330 qui
1064 1263 1131 1317 inibi
1156 1263 1238 1332 juxta
1266 1263 1405 1333 regularia
1431 1263 1498 1318 dicti

371 1352 482 1406 Ordinis
508 1353 638 1406 instituta
656 1353 754 1420 degere
777 1352 894 1406 debeant
912 1353 1035 1407 adinstar
1054 1353 1167 1407 aliorum
1186 1353 1409 1408 monasteriorum
1432 1351 1499 1407 dicti

372 1441 482 1496 Ordinis
507 1441 566 1495 sine
584 1441 698 1509 alicuius
721 1441 887 1509 praejudicio
906 1442 1072 1495 auctoritate
1090 1441 1239 1510 apostolica
1263 1448 1357 1497 tenore
1375 1457 1499 1510 praesen·

370 1532 443 1585 tium
468 1539 600 1598 perpetuo
625 1531 755 1598 erigimus
780 1538 807 1584 ct
826 1531 1009 1590 instituimus.
1037 1547 1069 1584 ac
1092 1531 1144 1598 ipsi
1163 1532 1327 1586 monasterio
1350 1531 1389 1586 sic
1408 1537 1497 1586 erecto

370 1620 539 1689 praedictum
559 1620 698 1673 ecclesium
717 1620 766 1673 sub
785 1620 872 1673 sancti
885 1619 1025 1674 Michaelis
1043 1619 1200 1688 archangeli
1215 1620 1387 1674 invocatione
1402 1622 1496 1687 ‹prtovis

370 1710 463 1764 modo.
492 1724 570 1776 quem
589 1708 776 1777 praesentibus
796 1725 842 1776 pro
862 1724 987 1776 expresso
1011 1708 1103 1762 baberi
1123 1710 1259 1775 volumus,
1288 1718 1430 1763 vacantem
1448 1726 1497 1777 pro

369 1800 432 1868 ejus
450 1798 562 1852 ecclesia
590 1797 758 1852 concedimus
783 1803 812 1852 et
830 1798 1015 1866 assignamus,
1043 1814 1163 1852 necnon
1188 1798 1281 1852 abbati
1307 1806 1335 1852 et
1360 1798 1496 1852 monacbis

369 1889 439 1942 dicti
459 1887 615 1941 rrrtmasterii
634 1904 682 1955 pro
702 1893 822 1955 tompore
841 1887 1035 1951 existentibus,
1054 1888 1123 1953 ‹puod
1142 1887 1264 1940 omnibus
1284 1893 1312 1941 ct
1330 1887 1446 1954 siugulis
1465 1904 1497 1941 ac

370 1977 529 2032 eisdemuret
554 1975 720 2043 privilegiis,
748 1975 860 2044 gratiis,
889 1975 1105 2043 exeruptiouibus
1128 1984 1157 2029 et
1176 1975 1303 2040 indultis,
1332 1975 1428 2042 quibus
1447 1976 1496 2030 alii

372 2065 485 2120 abbates
510 2064 624 2119 aliorum
650 2065 716 2118 dic-ti
737 2064 845 2118 Ordinis
864 2064 1087 2118 monasteriorum
1105 2065 1138 2118 dc
1162 2065 1223 2132 jure
1242 2065 1285 2117 rel
1304 2065 1496 2120 cousuetudine

370 2153 1496 2222 ammfflfflmmmmfflmfflMffimmmmmmmm

369 2245 507 2314 gaudent,
528 2243 650 2306 astuti,
679 2242 760 2310 potiri
781 2249 807 2296 et
828 2243 948 2310 gatttlere
966 2249 1079 2309 possunt
1097 2247 1126 2296 et
1144 2249 1287 2310 potonmt,
1311 2244 1363 2311 ipsi
1382 2243 1496 2311 paritor-

368 2331 1495 2400 mMmmwoemqmffimgmwMMmmmMmmmamm·

369 2420 1495 2490 mmmmmfflmmmmmfflfflmwmmmsmmmmm

368 2512 455 2567 sterio
480 2511 631 2580 praedicto,
660 2511 681 2563 si
711 2519 737 2564 ct
763 2515 905 2578 postquam
934 2515 965 2562 ut
990 2510 1064 2578 prius
1090 2510 1175 2564 fuerit
1193 2517 1390 2576 constructum,
1419 2511 1495 2578 cujus

370 2601 484 2666 fuscius,
503 2609 536 2655 ut
554 2601 623 2654 idem
643 2600 749 2654 Simeon
769 2600 874 2662 asserit,
894 2600 962 2653 trtrlli
982 2607 1060 2660 sunt,
1080 2599 1130 2652 hac
1148 2601 1235 2668 prima
1254 2601 1312 2654 sice
1331 2601 1364 2654 de
1383 2600 1493 2668 provido

368 2689 550 2760 gubernatore
569 2690 709 2758 providere
727 2689 872 2756 cupientes,
891 2690 963 2743 idem
975 2689 1167 2743 murrasterium
1181 2707 1196 2742 a
1210 2689 1348 2756 primaeva
1361 2689 1495 2743 erectione

368 2795 485 2844 uacans,
514 2795 573 2833 cum
592 2778 714 2832 orrrnibus
739 2778 846 2844 juribus
874 2788 902 2832 et.
921 2778 1095 2846 pertinentiis
1113 2779 1169 2831 suis
1194 2778 1281 2832 cidem
1300 2777 1416 2832 Sitnenni
1442 2777 1497 2846 epi-

368 2883 464 2934 scopo.
492 2884 539 2935 per
557 2884 616 2921 euur
643 2868 729 2934 quoad
749 2867 849 2921 visent
873 2867 1033 2932 tenendun1‚
1063 2869 1208 2935 regendus]
1237 2877 1265 2921 ct
1291 2867 1495 2935 gubernandunr

368 2957 536 3012 auctoritate
561 2963 589 3010 et
608 2963 701 3010 tencre
720 2957 852 3010 similibus
871 2957 1099 3020 corruuerslamus,
1128 2973 1181 3009 non
1200 2955 1372 3010 obstantibus
1396 2956 1495 3009 cousti-

368 3046 523 3102 tutionibus
543 3055 570 3100 ct
589 3046 805 3099 ordinationibus
824 3045 991 3113 apostolicis,
1020 3061 1068 3098 nec
1087 3062 1140 3099 non
1159 3046 1225 3100 dicti
1245 3045 1353 3099 Ordinis
1372 3045 1493 3110 statutis,

369 3142 399 3191 st
416 3135 584 3202 juramento.
614 3135 815 3187 corrfirmationc
841 3135 989 3201 apostolica
1012 3135 1054 3188 sel
1075 3134 1171 3201 patavis
1191 3133 1320 3188 firmitate
1346 3135 1400 3188 alia
1419 3134 1493 3188 robo-

367 3225 447 3286 ratis,
465 3223 619 3292 privilegiis
639 3239 742 3289 utroque
755 3223 868 3277 indultis
888 3233 915 3277 et
929 3224 1015 3278 literis
1028 3224 1183 3291 apostolicis
1196 3223 1282 3277 eidem
1295 3224 1388 3278 Ordini
1409 3224 1493 3278 illius·

369 3329 422 3381 quc
440 3313 622 3381 superioribus
641 3318 669 3365 et
688 3312 825 3366 mouuclris
850 3313 899 3367 sub
918 3313 1128 3379 quiuummquo
1145 3312 1284 3366 tenoribus
1304 3323 1330 3366 et
1351 3313 1444 3365 formis
1463 3312 1491 3365 in

368 3403 533 3460 contrarium
560 3401 764 3470 praemissorum
788 3402 985 3467 quornodolibet
1003 3401 1149 3464 concessis,
1178 3402 1342 3455 confirmatis
1370 3408 1396 3454 et
1417 3401 1492 3454 inno·

368 3493 451 3550 vatis.
484 3492 585 3558 Ouilms
605 3491 727 3544 omnibus
746 3496 774 3544 et
793 3491 910 3558 singulis
923 3506 1014 3545 eorsum
1034 3497 1127 3545 tenore
1145 3491 1333 3558 praesentibus
1352 3506 1399 3558 pro
1412 3490 1491 3558 plene

367 3587 398 3638 et
422 3581 620 3635 sufficientibus
645 3580 778 3647 expirassis
797 3579 942 3646 habcntcs,
970 3579 1024 3634 illis
1043 3580 1110 3633 alias
1137 3581 1164 3633 in
1183 3597 1231 3633 suo
1249 3579 1343 3634 urbore
1368 3595 1491 3646 perman-

366 3669 1491 3737 mmmmwmmmwmwwmmmwmmmmffle

367 3760 512 3814 contrariis
532 3759 748 3826 quibuscumque.
780 3759 910 3812 Volumus
930 3765 1029 3814 autent.
1049 3759 1118 3824 qtrod
1136 3763 1247 3826 proptor
1260 3765 1381 3813 nostram
1400 3758 1491 3827 hujus·

367 3848 440 3904 modi
458 3849 637 3902 corrmrendam
655 3848 847 3901 monasterium
867 3848 1035 3915 praedictum
1053 3848 1081 3900 in
1095 3847 1282 3915 spiritualibus
1295 3865 1347 3902 nou
1367 3848 1492 3902 laedatur

367 3937 1490 4006 effiummmwmfflmmammmmmsmmumffluwwr

366 4032 464 4082 tantur
482 4042 563 4080 onera
582 4026 681 4082 debita.
721 4026 819 4078 ustum
838 4025 939 4079 Rornae
959 4025 1029 4093 apud
1048 4033 1172 4078 sanctum
1183 4025 1303 4092 Petrum,
1322 4027 1371 4082 sub
1390 4028 1489 4081 anntslo

355 4115 517 4186 pmmm
557 4113 1488 4172 mxnxmmmumfflnmmmmmmmmwt

476 4223 517 4288 (Α.
537 4224 584 4278 Ar.
603 4221 644 4290 Z.)
1064 4221 1089 4278 S.
1110 4220 1327 4278 Cobellutius.
