<?xml version="1.0" encoding="UTF-8"?>
<!DOCTYPE html PUBLIC "-//W3C//DTD XHTML 1.0 Transitional//EN"
    "http://www.w3.org/TR/xhtml1/DTD/xhtml1-transitional.dtd">
<html xmlns="http://www.w3.org/1999/xhtml" xml:lang="en" lang="en">
 <head>
  <title>
</title>
<meta http-equiv="Content-Type" content="text/html;charset=utf-8" />
  <meta name='ocr-system' content='tesseract 3.04.00' />
  <meta name='ocr-capabilities' content='ocr_page ocr_carea ocr_par ocr_line ocrx_word'/>
</head>
<body>
  <div class='ocr_page' id='page_1' title='image "./symbolaeadillus00nillgoog_0854.png"; bbox 0 0 3725 5617; ppageno 0'>
   <div class='ocr_carea' id='block_1_1' title="bbox 692 649 1163 706">
    <p class='ocr_par' dir='ltr' id='par_1_1' title="bbox 692 649 1163 706">
     <span class='ocr_line' id='line_1_1' title="bbox 692 649 1163 706; baseline 0.006 -3"><span class='ocrx_word' id='word_1_1' title='bbox 692 649 724 705; x_wconf 83' lang='lat' dir='ltr'><strong>L.</strong></span> <span class='ocrx_word' id='word_1_2' title='bbox 744 649 792 703; x_wconf 90' lang='lat' dir='ltr'><strong>IV.</strong></span> <span class='ocrx_word' id='word_1_3' title='bbox 829 650 870 703; x_wconf 92' lang='lat' dir='ltr'><strong>De</strong></span> <span class='ocrx_word' id='word_1_4' title='bbox 888 650 994 704; x_wconf 88' lang='lat' dir='ltr'><strong>Unione</strong></span> <span class='ocrx_word' id='word_1_5' title='bbox 1012 650 1163 706; x_wconf 89' lang='lat' dir='ltr'><strong>Serborum.</strong></span> 
     </span>
    </p>
   </div>
   <div class='ocr_carea' id='block_1_2' title="bbox 912 836 937 891">
    <p class='ocr_par' dir='ltr' id='par_1_2' title="bbox 912 836 937 891">
     <span class='ocr_line' id='line_1_2' title="bbox 912 836 937 891; baseline 0.04 -1"><span class='ocrx_word' id='word_1_6' title='bbox 912 836 937 891; x_wconf 88' lang='lat'><strong>3.</strong></span> 
     </span>
    </p>
   </div>
   <div class='ocr_carea' id='block_1_3' title="bbox 366 928 1500 1092">
    <p class='ocr_par' dir='ltr' id='par_1_3' title="bbox 366 928 1500 1092">
     <span class='ocr_line' id='line_1_3' title="bbox 366 928 1500 999; baseline 0.008 -16"><span class='ocrx_word' id='word_1_7' title='bbox 366 928 410 984; x_wconf 86' lang='lat' dir='ltr'><strong>De</strong></span> <span class='ocrx_word' id='word_1_8' title='bbox 429 930 525 986; x_wconf 89' lang='lat' dir='ltr'><strong>malis</strong></span> <span class='ocrx_word' id='word_1_9' title='bbox 545 932 747 999; x_wconf 79' lang='lat' dir='ltr'><strong>callidisque</strong></span> <span class='ocrx_word' id='word_1_10' title='bbox 766 933 918 988; x_wconf 86' lang='lat' dir='ltr'><strong>consiliis</strong></span> <span class='ocrx_word' id='word_1_11' title='bbox 938 933 1020 988; x_wconf 83' lang='lat' dir='ltr'><strong>ficte</strong></span> <span class='ocrx_word' id='word_1_12' title='bbox 1039 938 1168 988; x_wconf 88' lang='lat' dir='ltr'><strong>tantum</strong></span> <span class='ocrx_word' id='word_1_13' title='bbox 1187 936 1361 991; x_wconf 83' lang='lat' dir='ltr'><strong>unitorum</strong></span> <span class='ocrx_word' id='word_1_14' title='bbox 1382 943 1500 992; x_wconf 82' lang='lat' dir='ltr'><strong>contra</strong></span> 
     </span>
     <span class='ocr_line' id='line_1_4' title="bbox 532 1021 1325 1092; baseline 0.001 -17"><span class='ocrx_word' id='word_1_15' title='bbox 532 1021 674 1076; x_wconf 87' lang='lat' dir='ltr'><strong>electum</strong></span> <span class='ocrx_word' id='word_1_16' title='bbox 692 1023 889 1091; x_wconf 81' lang='lat' dir='ltr'>Episcopum</span> <span class='ocrx_word' id='word_1_17' title='bbox 908 1023 1038 1077; x_wconf 86' lang='lat' dir='ltr'><strong>sincere</strong></span> <span class='ocrx_word' id='word_1_18' title='bbox 1057 1023 1186 1077; x_wconf 88' lang='lat' dir='ltr'><strong>unitum</strong></span> <span class='ocrx_word' id='word_1_19' title='bbox 1205 1023 1325 1092; x_wconf 87' lang='lat' dir='ltr'><strong>captis.</strong></span> 
     </span>
    </p>
   </div>
   <div class='ocr_carea' id='block_1_4' title="bbox 399 1183 1470 1333">
    <p class='ocr_par' dir='ltr' id='par_1_4' title="bbox 399 1183 1470 1333">
     <span class='ocr_line' id='line_1_5' title="bbox 918 1183 941 1217; baseline 0.087 -2"><span class='ocrx_word' id='word_1_20' title='bbox 918 1183 941 1217; x_wconf 89' lang='lat' dir='ltr'><strong>a.</strong></span> 
     </span>
     <span class='ocr_line' id='line_1_6' title="bbox 399 1262 1470 1333; baseline 0.008 -20"><span class='ocrx_word' id='word_1_21' title='bbox 399 1262 465 1314; x_wconf 83' lang='lat' dir='ltr'><strong>Trea</strong></span> <span class='ocrx_word' id='word_1_22' title='bbox 484 1264 617 1330; x_wconf 83' lang='lat' dir='ltr'><strong>epistolae-</strong></span> <span class='ocrx_word' id='word_1_23' title='bbox 637 1265 773 1332; x_wconf 80' lang='lat' dir='ltr'><strong>Episcopi</strong></span> <span class='ocrx_word' id='word_1_24' title='bbox 791 1265 991 1333; x_wconf 72' lang='lat' dir='ltr'><strong>Zaqrobicasis</strong></span> <span class='ocrx_word' id='word_1_25' title='bbox 1011 1266 1049 1317; x_wconf 86' lang='lat' dir='ltr'><strong>ad</strong></span> <span class='ocrx_word' id='word_1_26' title='bbox 1070 1264 1247 1317; x_wconf 73' lang='lat' dir='ltr'><strong>Curdirrolem</strong></span> <span class='ocrx_word' id='word_1_27' title='bbox 1266 1282 1284 1317; x_wconf 83' lang='lat' dir='ltr'><strong>a</strong></span> <span class='ocrx_word' id='word_1_28' title='bbox 1305 1266 1470 1321; x_wconf 74' lang='lat' dir='ltr'><strong>Koltoaict.</strong></span> 
     </span>
    </p>
   </div>
   <div class='ocr_carea' id='block_1_5' title="bbox 390 1407 1476 1703">
    <p class='ocr_par' dir='ltr' id='par_1_5' title="bbox 390 1407 1476 1703">
     <span class='ocr_line' id='line_1_7' title="bbox 609 1407 1254 1493; baseline 0.002 -23"><span class='ocrx_word' id='word_1_29' title='bbox 609 1407 881 1471; x_wconf 82' lang='lat' dir='ltr'><strong>Eminentissime</strong></span> <span class='ocrx_word' id='word_1_30' title='bbox 905 1430 944 1472; x_wconf 88' lang='lat' dir='ltr'><strong>ac</strong></span> <span class='ocrx_word' id='word_1_31' title='bbox 967 1408 1060 1472; x_wconf 88' lang='lat' dir='ltr'><strong>Rme.</strong></span> <span class='ocrx_word' id='word_1_32' title='bbox 1085 1409 1254 1493; x_wconf 81' lang='lat' dir='ltr'><strong>Princeps,</strong></span> 
     </span>
     <span class='ocr_line' id='line_1_8' title="bbox 390 1510 1476 1594; baseline 0.006 -21"><span class='ocrx_word' id='word_1_33' title='bbox 390 1510 535 1575; x_wconf 82' lang='lat' dir='ltr'><strong>Domine</strong></span> <span class='ocrx_word' id='word_1_34' title='bbox 550 1513 695 1577; x_wconf 79' lang='lat' dir='ltr'><strong>Domine</strong></span> <span class='ocrx_word' id='word_1_35' title='bbox 719 1513 861 1577; x_wconf 83' lang='lat' dir='ltr'><strong>Patrone</strong></span> <span class='ocrx_word' id='word_1_36' title='bbox 882 1512 1132 1594; x_wconf 87' lang='lat' dir='ltr'><strong>Colendissime,</strong></span> <span class='ocrx_word' id='word_1_37' title='bbox 1157 1536 1233 1577; x_wconf 89' lang='lat' dir='ltr'><strong>cum</strong></span> <span class='ocrx_word' id='word_1_38' title='bbox 1258 1517 1476 1580; x_wconf 85' lang='lat' dir='ltr'><strong>servitiorum</strong></span> 
     </span>
     <span class='ocr_line' id='line_1_9' title="bbox 650 1620 1210 1703; baseline 0.004 -19"><span class='ocrx_word' id='word_1_39' title='bbox 650 1620 888 1703; x_wconf 87' lang='lat' dir='ltr'><strong>obligatissima</strong></span> <span class='ocrx_word' id='word_1_40' title='bbox 913 1621 1210 1686; x_wconf 88' lang='lat' dir='ltr'><strong>commendatione.</strong></span> 
     </span>
    </p>
   </div>
   <div class='ocr_carea' id='block_1_6' title="bbox 367 1760 1499 4731">
    <p class='ocr_par' dir='ltr' id='par_1_6' title="bbox 367 1760 1499 4731">
     <span class='ocr_line' id='line_1_10' title="bbox 459 1760 1493 1849; baseline 0.002 -24"><span class='ocrx_word' id='word_1_41' title='bbox 459 1760 574 1826; x_wconf 87' lang='lat' dir='ltr'><strong>Scribo</strong></span> <span class='ocrx_word' id='word_1_42' title='bbox 611 1763 711 1826; x_wconf 91' lang='lat' dir='ltr'><strong>etiam</strong></span> <span class='ocrx_word' id='word_1_43' title='bbox 736 1765 769 1826; x_wconf 94' lang='lat' dir='ltr'><strong>in</strong></span> <span class='ocrx_word' id='word_1_44' title='bbox 804 1765 969 1848; x_wconf 83' lang='lat' dir='ltr'><strong>praesenti</strong></span> <span class='ocrx_word' id='word_1_45' title='bbox 1003 1773 1112 1847; x_wconf 86' lang='lat' dir='ltr'><strong>posta,</strong></span> <span class='ocrx_word' id='word_1_46' title='bbox 1148 1763 1196 1825; x_wconf 94' lang='lat' dir='ltr'><strong>uti</strong></span> <span class='ocrx_word' id='word_1_47' title='bbox 1229 1765 1430 1849; x_wconf 81' lang='lat' dir='ltr'><strong>scripseram</strong></span> <span class='ocrx_word' id='word_1_48' title='bbox 1464 1767 1493 1827; x_wconf 92' lang='lat' dir='ltr'><strong>in</strong></span> 
     </span>
     <span class='ocr_line' id='line_1_11' title="bbox 367 1869 1493 1954; baseline 0.004 -23"><span class='ocrx_word' id='word_1_49' title='bbox 367 1870 518 1954; x_wconf 86' lang='lat' dir='ltr'><strong>proxime</strong></span> <span class='ocrx_word' id='word_1_50' title='bbox 543 1871 719 1954; x_wconf 90' lang='lat' dir='ltr'><strong>praeterita</strong></span> <span class='ocrx_word' id='word_1_51' title='bbox 741 1869 954 1933; x_wconf 87' lang='lat' dir='ltr'><strong>Eminentiae</strong></span> <span class='ocrx_word' id='word_1_52' title='bbox 978 1869 1116 1933; x_wconf 87' lang='lat' dir='ltr'><strong>Vestrae</strong></span> <span class='ocrx_word' id='word_1_53' title='bbox 1124 1920 1132 1952; x_wconf 91' lang='lat'><strong>,</strong></span> <span class='ocrx_word' id='word_1_54' title='bbox 1168 1869 1340 1954; x_wconf 87' lang='lat' dir='ltr'><strong>ealugeros</strong></span> <span class='ocrx_word' id='word_1_55' title='bbox 1366 1895 1412 1935; x_wconf 83' lang='lat' dir='ltr'><strong>ex</strong></span> <span class='ocrx_word' id='word_1_56' title='bbox 1435 1869 1493 1936; x_wconf 90' lang='lat' dir='ltr'><strong>Go-</strong></span> 
     </span>
     <span class='ocr_line' id='line_1_12' title="bbox 368 1966 1493 2062; baseline 0.002 -24"><span class='ocrx_word' id='word_1_57' title='bbox 368 1977 472 2039; x_wconf 89' lang='lat' dir='ltr'><strong>meria</strong></span> <span class='ocrx_word' id='word_1_58' title='bbox 506 1966 649 2041; x_wconf 83' lang='lat' dir='ltr'><strong>Confinii</strong></span> <span class='ocrx_word' id='word_1_59' title='bbox 684 1976 959 2040; x_wconf 84' lang='lat' dir='ltr'><strong>Carlostadiensis</strong></span> <span class='ocrx_word' id='word_1_60' title='bbox 998 1987 1031 2039; x_wconf 92' lang='lat' dir='ltr'><strong>et</strong></span> <span class='ocrx_word' id='word_1_61' title='bbox 1071 1999 1113 2039; x_wconf 88' lang='lat' dir='ltr'><strong>ex</strong></span> <span class='ocrx_word' id='word_1_62' title='bbox 1145 1977 1315 2062; x_wconf 88' lang='lat' dir='ltr'><strong>Lipavina</strong></span> <span class='ocrx_word' id='word_1_63' title='bbox 1348 1977 1493 2043; x_wconf 86' lang='lat' dir='ltr'><strong>Confinii</strong></span> 
     </span>
     <span class='ocr_line' id='line_1_13' title="bbox 370 2082 1493 2164; baseline 0 -16"><span class='ocrx_word' id='word_1_64' title='bbox 370 2082 547 2148; x_wconf 88' lang='lat' dir='ltr'><strong>Slavoniae</strong></span> <span class='ocrx_word' id='word_1_65' title='bbox 572 2084 605 2146; x_wconf 93' lang='lat' dir='ltr'><strong>in</strong></span> <span class='ocrx_word' id='word_1_66' title='bbox 631 2106 704 2147; x_wconf 93' lang='lat' dir='ltr'><strong>mea</strong></span> <span class='ocrx_word' id='word_1_67' title='bbox 729 2084 888 2164; x_wconf 88' lang='lat' dir='ltr'><strong>dioecesi,</strong></span> <span class='ocrx_word' id='word_1_68' title='bbox 914 2086 1055 2146; x_wconf 85' lang='lat' dir='ltr'><strong>circuire</strong></span> <span class='ocrx_word' id='word_1_69' title='bbox 1079 2083 1245 2148; x_wconf 88' lang='lat' dir='ltr'><strong>Valachos</strong></span> <span class='ocrx_word' id='word_1_70' title='bbox 1270 2084 1312 2148; x_wconf 88' lang='lat' dir='ltr'><strong>de</strong></span> <span class='ocrx_word' id='word_1_71' title='bbox 1336 2087 1493 2150; x_wconf 87' lang='lat' dir='ltr'><strong>instantia</strong></span> 
     </span>
     <span class='ocr_line' id='line_1_14' title="bbox 368 2189 1492 2275; baseline 0.001 -21"><span class='ocrx_word' id='word_1_72' title='bbox 368 2189 524 2254; x_wconf 83' lang='lat' dir='ltr'><strong>facienda</strong></span> <span class='ocrx_word' id='word_1_73' title='bbox 553 2191 643 2275; x_wconf 87' lang='lat' dir='ltr'><strong>apud</strong></span> <span class='ocrx_word' id='word_1_74' title='bbox 675 2189 777 2255; x_wconf 86' lang='lat' dir='ltr'><strong>Suam</strong></span> <span class='ocrx_word' id='word_1_75' title='bbox 802 2189 1065 2255; x_wconf 89' lang='lat' dir='ltr'><strong>Sacratissimam</strong></span> <span class='ocrx_word' id='word_1_76' title='bbox 1096 2190 1322 2275; x_wconf 84' lang='lat' dir='ltr'><strong>Majestatem,</strong></span> <span class='ocrx_word' id='word_1_77' title='bbox 1358 2202 1396 2255; x_wconf 93' lang='lat' dir='ltr'><strong>ut</strong></span> <span class='ocrx_word' id='word_1_78' title='bbox 1426 2192 1492 2255; x_wconf 88' lang='lat' dir='ltr'><strong>loco</strong></span> 
     </span>
     <span class='ocr_line' id='line_1_15' title="bbox 369 2296 1491 2382; baseline 0.002 -22"><span class='ocrx_word' id='word_1_79' title='bbox 369 2296 507 2361; x_wconf 92' lang='lat' dir='ltr'><strong>Domini</strong></span> <span class='ocrx_word' id='word_1_80' title='bbox 522 2296 627 2360; x_wconf 91' lang='lat' dir='ltr'><strong>Marci</strong></span> <span class='ocrx_word' id='word_1_81' title='bbox 641 2296 814 2376; x_wconf 87' lang='lat' dir='ltr'><strong>Zorohich,</strong></span> <span class='ocrx_word' id='word_1_82' title='bbox 840 2320 938 2382; x_wconf 92' lang='lat' dir='ltr'><strong>quem</strong></span> <span class='ocrx_word' id='word_1_83' title='bbox 964 2296 1010 2361; x_wconf 93' lang='lat' dir='ltr'><strong>illi</strong></span> <span class='ocrx_word' id='word_1_84' title='bbox 1027 2296 1151 2361; x_wconf 89' lang='lat' dir='ltr'><strong>nollent</strong></span> <span class='ocrx_word' id='word_1_85' title='bbox 1168 2297 1382 2382; x_wconf 86' lang='lat' dir='ltr'><strong>Superiorem</strong></span> <span class='ocrx_word' id='word_1_86' title='bbox 1400 2321 1491 2362; x_wconf 80' lang='lat' dir='ltr'><strong>voca·</strong></span> 
     </span>
     <span class='ocr_line' id='line_1_16' title="bbox 369 2403 1494 2491; baseline 0 -24"><span class='ocrx_word' id='word_1_87' title='bbox 369 2412 439 2467; x_wconf 93' lang='lat' dir='ltr'><strong>tum</strong></span> <span class='ocrx_word' id='word_1_88' title='bbox 474 2403 574 2487; x_wconf 83' lang='lat' dir='ltr'><strong>vulgo</strong></span> <span class='ocrx_word' id='word_1_89' title='bbox 608 2404 811 2488; x_wconf 84' lang='lat' dir='ltr'><strong>Episcopum</strong></span> <span class='ocrx_word' id='word_1_90' title='bbox 836 2403 1078 2485; x_wconf 89' lang='lat' dir='ltr'><strong>Valachorum,</strong></span> <span class='ocrx_word' id='word_1_91' title='bbox 1115 2406 1343 2467; x_wconf 83' lang='lat' dir='ltr'><strong>nominaretur</strong></span> <span class='ocrx_word' id='word_1_92' title='bbox 1376 2404 1494 2491; x_wconf 89' lang='lat' dir='ltr'><strong>aliquis</strong></span> 
     </span>
     <span class='ocr_line' id='line_1_17' title="bbox 370 2509 1494 2595; baseline -0.001 -22"><span class='ocrx_word' id='word_1_93' title='bbox 370 2509 618 2588; x_wconf 89' lang='lat' dir='ltr'><strong>schismaticus,</strong></span> <span class='ocrx_word' id='word_1_94' title='bbox 655 2510 980 2595; x_wconf 86' lang='lat' dir='ltr'><strong>correspondentiam</strong></span> <span class='ocrx_word' id='word_1_95' title='bbox 1016 2510 1142 2573; x_wconf 90' lang='lat' dir='ltr'><strong>habens</strong></span> <span class='ocrx_word' id='word_1_96' title='bbox 1178 2532 1253 2573; x_wconf 87' lang='lat' dir='ltr'><strong>curn</strong></span> <span class='ocrx_word' id='word_1_97' title='bbox 1291 2509 1494 2575; x_wconf 88' lang='lat' dir='ltr'><strong>Patriarchis</strong></span> 
     </span>
     <span class='ocr_line' id='line_1_18' title="bbox 370 2616 1495 2701; baseline 0 -20"><span class='ocrx_word' id='word_1_98' title='bbox 370 2616 522 2681; x_wconf 88' lang='lat' dir='ltr'><strong>Turcicis</strong></span> <span class='ocrx_word' id='word_1_99' title='bbox 545 2616 782 2699; x_wconf 86' lang='lat' dir='ltr'><strong>schismaticis,</strong></span> <span class='ocrx_word' id='word_1_100' title='bbox 815 2618 985 2700; x_wconf 86' lang='lat' dir='ltr'><strong>signanter</strong></span> <span class='ocrx_word' id='word_1_101' title='bbox 1008 2627 1117 2680; x_wconf 92' lang='lat' dir='ltr'><strong>autem</strong></span> <span class='ocrx_word' id='word_1_102' title='bbox 1143 2616 1286 2701; x_wconf 90' lang='lat' dir='ltr'><strong>aliquem</strong></span> <span class='ocrx_word' id='word_1_103' title='bbox 1312 2637 1356 2679; x_wconf 82' lang='lat' dir='ltr'><strong>ex</strong></span> <span class='ocrx_word' id='word_1_104' title='bbox 1381 2616 1495 2681; x_wconf 87' lang='lat' dir='ltr'><strong>eodem</strong></span> 
     </span>
     <span class='ocr_line' id='line_1_19' title="bbox 370 2722 1497 2809; baseline 0 -22"><span class='ocrx_word' id='word_1_105' title='bbox 370 2725 569 2788; x_wconf 89' lang='lat' dir='ltr'><strong>monasterio</strong></span> <span class='ocrx_word' id='word_1_106' title='bbox 587 2722 773 2805; x_wconf 87' lang='lat' dir='ltr'><strong>Gomeriae,</strong></span> <span class='ocrx_word' id='word_1_107' title='bbox 799 2723 852 2786; x_wconf 89' lang='lat' dir='ltr'><strong>vel</strong></span> <span class='ocrx_word' id='word_1_108' title='bbox 869 2723 1013 2808; x_wconf 86' lang='lat' dir='ltr'><strong>aliquem</strong></span> <span class='ocrx_word' id='word_1_109' title='bbox 1031 2724 1229 2804; x_wconf 90' lang='lat' dir='ltr'><strong>Budensem,</strong></span> <span class='ocrx_word' id='word_1_110' title='bbox 1253 2724 1310 2808; x_wconf 92' lang='lat' dir='ltr'><strong>qui</strong></span> <span class='ocrx_word' id='word_1_111' title='bbox 1326 2734 1364 2786; x_wconf 92' lang='lat' dir='ltr'><strong>ut</strong></span> <span class='ocrx_word' id='word_1_112' title='bbox 1382 2723 1497 2809; x_wconf 85' lang='lat' dir='ltr'><strong>vulpes</strong></span> 
     </span>
     <span class='ocr_line' id='line_1_20' title="bbox 370 2829 1496 2911; baseline 0 -17"><span class='ocrx_word' id='word_1_113' title='bbox 370 2829 493 2894; x_wconf 89' lang='lat' dir='ltr'><strong>dicitur</strong></span> <span class='ocrx_word' id='word_1_114' title='bbox 515 2831 667 2895; x_wconf 91' lang='lat' dir='ltr'><strong>Viennae</strong></span> <span class='ocrx_word' id='word_1_115' title='bbox 699 2832 838 2894; x_wconf 82' lang='lat' dir='ltr'><strong>circuire</strong></span> <span class='ocrx_word' id='word_1_116' title='bbox 869 2832 1037 2894; x_wconf 91' lang='lat' dir='ltr'><strong>ministros</strong></span> <span class='ocrx_word' id='word_1_117' title='bbox 1061 2830 1185 2911; x_wconf 83' lang='lat' dir='ltr'><strong>Aulae3</strong></span> <span class='ocrx_word' id='word_1_118' title='bbox 1222 2829 1305 2893; x_wconf 91' lang='lat' dir='ltr'><strong>alter</strong></span> <span class='ocrx_word' id='word_1_119' title='bbox 1334 2852 1379 2894; x_wconf 82' lang='lat' dir='ltr'><strong>ex</strong></span> <span class='ocrx_word' id='word_1_120' title='bbox 1411 2831 1496 2894; x_wconf 92' lang='lat' dir='ltr'><strong>dicto</strong></span> 
     </span>
     <span class='ocr_line' id='line_1_21' title="bbox 369 2937 1497 3023; baseline -0.001 -22"><span class='ocrx_word' id='word_1_121' title='bbox 369 2940 568 3002; x_wconf 90' lang='lat' dir='ltr'><strong>monasterio</strong></span> <span class='ocrx_word' id='word_1_122' title='bbox 593 2937 750 3003; x_wconf 81' lang='lat' dir='ltr'><strong>Gomeria</strong></span> <span class='ocrx_word' id='word_1_123' title='bbox 774 2940 874 3001; x_wconf 90' lang='lat' dir='ltr'><strong>etiam</strong></span> <span class='ocrx_word' id='word_1_124' title='bbox 905 2937 988 3000; x_wconf 88' lang='lat' dir='ltr'><strong>dicit</strong></span> <span class='ocrx_word' id='word_1_125' title='bbox 1012 2938 1112 3001; x_wconf 87' lang='lat' dir='ltr'><strong>ivisse</strong></span> <span class='ocrx_word' id='word_1_126' title='bbox 1136 2937 1321 3017; x_wconf 84' lang='lat' dir='ltr'><strong>Viennam,</strong></span> <span class='ocrx_word' id='word_1_127' title='bbox 1359 2947 1497 3023; x_wconf 88' lang='lat' dir='ltr'><strong>uterque</strong></span> 
     </span>
     <span class='ocr_line' id='line_1_22' title="bbox 369 3043 1499 3130; baseline -0.001 -22"><span class='ocrx_word' id='word_1_128' title='bbox 369 3048 625 3130; x_wconf 88' lang='lat' dir='ltr'><strong>praemissorum</strong></span> <span class='ocrx_word' id='word_1_129' title='bbox 650 3047 683 3108; x_wconf 95' lang='lat' dir='ltr'><strong>in</strong></span> <span class='ocrx_word' id='word_1_130' title='bbox 710 3044 793 3130; x_wconf 91' lang='lat' dir='ltr'><strong>pelle</strong></span> <span class='ocrx_word' id='word_1_131' title='bbox 827 3055 876 3107; x_wconf 92' lang='lat' dir='ltr'><strong>est</strong></span> <span class='ocrx_word' id='word_1_132' title='bbox 899 3044 1146 3126; x_wconf 88' lang='lat' dir='ltr'><strong>schismaticus,</strong></span> <span class='ocrx_word' id='word_1_133' title='bbox 1181 3043 1259 3106; x_wconf 87' lang='lat' dir='ltr'><strong>lieet</strong></span> <span class='ocrx_word' id='word_1_134' title='bbox 1281 3043 1499 3109; x_wconf 86' lang='lat' dir='ltr'><strong>affirmabant</strong></span> 
     </span>
     <span class='ocr_line' id='line_1_23' title="bbox 369 3150 1497 3235; baseline -0.002 -19"><span class='ocrx_word' id='word_1_135' title='bbox 369 3174 403 3216; x_wconf 88' lang='lat' dir='ltr'><strong>se</strong></span> <span class='ocrx_word' id='word_1_136' title='bbox 428 3174 497 3215; x_wconf 88' lang='lat' dir='ltr'><strong>esse</strong></span> <span class='ocrx_word' id='word_1_137' title='bbox 522 3155 631 3216; x_wconf 89' lang='lat' dir='ltr'><strong>unitos</strong></span> <span class='ocrx_word' id='word_1_138' title='bbox 655 3151 732 3215; x_wconf 87' lang='lat' dir='ltr'><strong>fidei</strong></span> <span class='ocrx_word' id='word_1_139' title='bbox 758 3150 1118 3229; x_wconf 84' lang='lat' dir='ltr'><strong>Romano-catholicae,</strong></span> <span class='ocrx_word' id='word_1_140' title='bbox 1155 3162 1269 3214; x_wconf 85' lang='lat' dir='ltr'><strong>contra</strong></span> <span class='ocrx_word' id='word_1_141' title='bbox 1294 3172 1396 3235; x_wconf 92' lang='lat' dir='ltr'><strong>quam</strong></span> <span class='ocrx_word' id='word_1_142' title='bbox 1422 3172 1497 3215; x_wconf 86' lang='lat' dir='ltr'><strong>evo-</strong></span> 
     </span>
     <span class='ocr_line' id='line_1_24' title="bbox 369 3256 1498 3344; baseline 0 -23"><span class='ocrx_word' id='word_1_143' title='bbox 369 3270 465 3322; x_wconf 92' lang='lat' dir='ltr'><strong>munt</strong></span> <span class='ocrx_word' id='word_1_144' title='bbox 496 3258 608 3344; x_wconf 75' lang='lat' dir='ltr'><strong>plura,</strong></span> <span class='ocrx_word' id='word_1_145' title='bbox 645 3258 768 3322; x_wconf 89' lang='lat' dir='ltr'><strong>similes</strong></span> <span class='ocrx_word' id='word_1_146' title='bbox 801 3256 950 3321; x_wconf 84' lang='lat' dir='ltr'><strong>Gabrieli</strong></span> <span class='ocrx_word' id='word_1_147' title='bbox 991 3269 1067 3321; x_wconf 91' lang='lat' dir='ltr'><strong>noto</strong></span> <span class='ocrx_word' id='word_1_148' title='bbox 1101 3258 1312 3320; x_wconf 84' lang='lat' dir='ltr'><strong>Eminentiae</strong></span> <span class='ocrx_word' id='word_1_149' title='bbox 1346 3257 1498 3321; x_wconf 85' lang='lat' dir='ltr'><strong>Vestrae.</strong></span> 
     </span>
     <span class='ocr_line' id='line_1_25' title="bbox 368 3364 1498 3448; baseline -0.001 -20"><span class='ocrx_word' id='word_1_150' title='bbox 368 3364 572 3448; x_wconf 84' lang='lat' dir='ltr'><strong>Allegabunt</strong></span> <span class='ocrx_word' id='word_1_151' title='bbox 604 3365 686 3428; x_wconf 88' lang='lat' dir='ltr'><strong>forte</strong></span> <span class='ocrx_word' id='word_1_152' title='bbox 711 3366 893 3428; x_wconf 89' lang='lat' dir='ltr'><strong>Dominum</strong></span> <span class='ocrx_word' id='word_1_153' title='bbox 918 3365 1069 3427; x_wconf 85' lang='lat' dir='ltr'><strong>Marcum</strong></span> <span class='ocrx_word' id='word_1_154' title='bbox 1102 3387 1171 3427; x_wconf 90' lang='lat' dir='ltr'><strong>osse</strong></span> <span class='ocrx_word' id='word_1_155' title='bbox 1197 3364 1359 3448; x_wconf 84' lang='lat' dir='ltr'><strong>juvenem</strong></span> <span class='ocrx_word' id='word_1_156' title='bbox 1385 3366 1498 3448; x_wconf 86' lang='lat' dir='ltr'><strong>graeci</strong></span> 
     </span>
     <span class='ocr_line' id='line_1_26' title="bbox 368 3471 1498 3556; baseline 0 -22"><span class='ocrx_word' id='word_1_157' title='bbox 368 3473 467 3552; x_wconf 89' lang='lat' dir='ltr'><strong>ritus,</strong></span> <span class='ocrx_word' id='word_1_158' title='bbox 504 3494 543 3534; x_wconf 90' lang='lat' dir='ltr'><strong>ac</strong></span> <span class='ocrx_word' id='word_1_159' title='bbox 575 3471 722 3556; x_wconf 90' lang='lat' dir='ltr'><strong>ejusdem</strong></span> <span class='ocrx_word' id='word_1_160' title='bbox 749 3473 1030 3535; x_wconf 87' lang='lat' dir='ltr'><strong>caeremoniarum</strong></span> <span class='ocrx_word' id='word_1_161' title='bbox 1056 3472 1165 3533; x_wconf 88' lang='lat' dir='ltr'><strong>minus</strong></span> <span class='ocrx_word' id='word_1_162' title='bbox 1196 3481 1383 3555; x_wconf 86' lang='lat' dir='ltr'><strong>expertem,</strong></span> <span class='ocrx_word' id='word_1_163' title='bbox 1420 3493 1498 3534; x_wconf 90' lang='lat' dir='ltr'><strong>cum</strong></span> 
     </span>
     <span class='ocr_line' id='line_1_27' title="bbox 368 3577 1498 3663; baseline 0 -22"><span class='ocrx_word' id='word_1_164' title='bbox 368 3589 478 3642; x_wconf 87' lang='lat' dir='ltr'><strong>tamen</strong></span> <span class='ocrx_word' id='word_1_165' title='bbox 503 3578 577 3663; x_wconf 86' lang='lat' dir='ltr'><strong>plus</strong></span> <span class='ocrx_word' id='word_1_166' title='bbox 601 3577 738 3641; x_wconf 88' lang='lat' dir='ltr'><strong>haberet</strong></span> <span class='ocrx_word' id='word_1_167' title='bbox 762 3580 795 3641; x_wconf 93' lang='lat' dir='ltr'><strong>in</strong></span> <span class='ocrx_word' id='word_1_168' title='bbox 821 3580 929 3663; x_wconf 89' lang='lat' dir='ltr'><strong>capite</strong></span> <span class='ocrx_word' id='word_1_169' title='bbox 954 3577 1063 3662; x_wconf 90' lang='lat' dir='ltr'><strong>quoad</strong></span> <span class='ocrx_word' id='word_1_170' title='bbox 1087 3580 1186 3641; x_wconf 91' lang='lat' dir='ltr'><strong>ritum</strong></span> <span class='ocrx_word' id='word_1_171' title='bbox 1206 3599 1376 3661; x_wconf 85' lang='lat' dir='ltr'><strong>graecum,</strong></span> <span class='ocrx_word' id='word_1_172' title='bbox 1397 3579 1498 3663; x_wconf 86' lang='lat' dir='ltr'><strong>juxta</strong></span> 
     </span>
     <span class='ocr_line' id='line_1_28' title="bbox 369 3685 1498 3770; baseline 0 -23"><span class='ocrx_word' id='word_1_173' title='bbox 369 3708 466 3770; x_wconf 86' lang='lat' dir='ltr'><strong>quem</strong></span> <span class='ocrx_word' id='word_1_174' title='bbox 502 3685 673 3749; x_wconf 90' lang='lat' dir='ltr'><strong>ordinatus</strong></span> <span class='ocrx_word' id='word_1_175' title='bbox 706 3696 772 3764; x_wconf 91' lang='lat' dir='ltr'><strong>est,</strong></span> <span class='ocrx_word' id='word_1_176' title='bbox 809 3696 841 3747; x_wconf 85' lang='lat' dir='ltr'><strong>et</strong></span> <span class='ocrx_word' id='word_1_177' title='bbox 872 3685 943 3769; x_wconf 86' lang='lat' dir='ltr'><strong>ejus</strong></span> <span class='ocrx_word' id='word_1_178' title='bbox 968 3685 1209 3764; x_wconf 79' lang='lat' dir='ltr'><strong>caeremoniae,</strong></span> <span class='ocrx_word' id='word_1_179' title='bbox 1246 3705 1345 3769; x_wconf 91' lang='lat' dir='ltr'><strong>quam</strong></span> <span class='ocrx_word' id='word_1_180' title='bbox 1382 3706 1498 3749; x_wconf 88' lang='lat' dir='ltr'><strong>omnes</strong></span> 
     </span>
     <span class='ocr_line' id='line_1_29' title="bbox 369 3789 1497 3876; baseline 0 -21"><span class='ocrx_word' id='word_1_181' title='bbox 369 3792 513 3875; x_wconf 84' lang='lat' dir='ltr'><strong>calugeri</strong></span> <span class='ocrx_word' id='word_1_182' title='bbox 546 3793 578 3855; x_wconf 94' lang='lat' dir='ltr'><strong>in</strong></span> <span class='ocrx_word' id='word_1_183' title='bbox 611 3794 799 3876; x_wconf 85' lang='lat' dir='ltr'><strong>praemissis</strong></span> <span class='ocrx_word' id='word_1_184' title='bbox 824 3792 1031 3854; x_wconf 85' lang='lat' dir='ltr'><strong>monasteriis</strong></span> <span class='ocrx_word' id='word_1_185' title='bbox 1062 3792 1177 3875; x_wconf 91' lang='lat' dir='ltr'><strong>positi,</strong></span> <span class='ocrx_word' id='word_1_186' title='bbox 1212 3813 1273 3853; x_wconf 90' lang='lat' dir='ltr'><strong>nec</strong></span> <span class='ocrx_word' id='word_1_187' title='bbox 1305 3789 1399 3854; x_wconf 91' lang='lat' dir='ltr'><strong>aliud</strong></span> <span class='ocrx_word' id='word_1_188' title='bbox 1433 3813 1497 3855; x_wconf 89' lang='lat' dir='ltr'><strong>me·</strong></span> 
     </span>
     <span class='ocr_line' id='line_1_30' title="bbox 367 3895 1498 3982; baseline 0.001 -21"><span class='ocrx_word' id='word_1_189' title='bbox 367 3909 482 3962; x_wconf 86' lang='lat' dir='ltr'><strong>rentur</strong></span> <span class='ocrx_word' id='word_1_190' title='bbox 517 3898 747 3975; x_wconf 89' lang='lat' dir='ltr'><strong>sollicitantes,</strong></span> <span class='ocrx_word' id='word_1_191' title='bbox 789 3920 887 3982; x_wconf 84' lang='lat' dir='ltr'><strong>quarn</strong></span> <span class='ocrx_word' id='word_1_192' title='bbox 924 3895 1090 3960; x_wconf 71' lang='lat' dir='ltr'><strong>Garbrielis</strong></span> <span class='ocrx_word' id='word_1_193' title='bbox 1127 3897 1402 3978; x_wconf 88' lang='lat' dir='ltr'><strong>contubernium,</strong></span> <span class='ocrx_word' id='word_1_194' title='bbox 1440 3911 1498 3962; x_wconf 90' lang='lat' dir='ltr'><strong>aut</strong></span> 
     </span>
     <span class='ocr_line' id='line_1_31' title="bbox 369 4003 1495 4091; baseline -0.001 -22"><span class='ocrx_word' id='word_1_195' title='bbox 369 4027 481 4069; x_wconf 89' lang='lat' dir='ltr'><strong>eorum</strong></span> <span class='ocrx_word' id='word_1_196' title='bbox 516 4007 572 4091; x_wconf 93' lang='lat' dir='ltr'><strong>qui</strong></span> <span class='ocrx_word' id='word_1_197' title='bbox 606 4017 700 4069; x_wconf 90' lang='lat' dir='ltr'><strong>erant</strong></span> <span class='ocrx_word' id='word_1_198' title='bbox 732 4005 869 4068; x_wconf 82' lang='lat' dir='ltr'><strong>Multam</strong></span> <span class='ocrx_word' id='word_1_199' title='bbox 902 4003 1060 4089; x_wconf 80' lang='lat' dir='ltr'><strong>expediti.</strong></span> <span class='ocrx_word' id='word_1_200' title='bbox 1109 4003 1232 4088; x_wconf 84' lang='lat' dir='ltr'><strong>Scripsi</strong></span> <span class='ocrx_word' id='word_1_201' title='bbox 1267 4003 1495 4068; x_wconf 86' lang='lat' dir='ltr'><strong>illustrissimo</strong></span> 
     </span>
     <span class='ocr_line' id='line_1_32' title="bbox 369 4109 1496 4197; baseline -0.002 -20"><span class='ocrx_word' id='word_1_202' title='bbox 369 4109 515 4177; x_wconf 92' lang='lat' dir='ltr'><strong>Domino</strong></span> <span class='ocrx_word' id='word_1_203' title='bbox 539 4113 580 4177; x_wconf 92' lang='lat' dir='ltr'><strong>V.</strong></span> <span class='ocrx_word' id='word_1_204' title='bbox 606 4112 760 4177; x_wconf 85' lang='lat' dir='ltr'><strong>Generali</strong></span> <span class='ocrx_word' id='word_1_205' title='bbox 787 4122 838 4192; x_wconf 93' lang='lat' dir='ltr'><strong>ut,</strong></span> <span class='ocrx_word' id='word_1_206' title='bbox 873 4134 951 4176; x_wconf 84' lang='lat' dir='ltr'><strong>casu</strong></span> <span class='ocrx_word' id='word_1_207' title='bbox 982 4133 1046 4197; x_wconf 93' lang='lat' dir='ltr'><strong>quo</strong></span> <span class='ocrx_word' id='word_1_208' title='bbox 1072 4111 1136 4174; x_wconf 91' lang='lat' dir='ltr'><strong>duo</strong></span> <span class='ocrx_word' id='word_1_209' title='bbox 1162 4111 1307 4195; x_wconf 82' lang='lat' dir='ltr'><strong>calugeri</strong></span> <span class='ocrx_word' id='word_1_210' title='bbox 1332 4110 1496 4175; x_wconf 91' lang='lat' dir='ltr'><strong>Valacho·</strong></span> 
     </span>
     <span class='ocr_line' id='line_1_33' title="bbox 368 4218 1493 4303; baseline -0.003 -20"><span class='ocrx_word' id='word_1_211' title='bbox 368 4242 441 4283; x_wconf 91' lang='lat' dir='ltr'><strong>rum</strong></span> <span class='ocrx_word' id='word_1_212' title='bbox 465 4221 593 4283; x_wconf 89' lang='lat' dir='ltr'><strong>animos</strong></span> <span class='ocrx_word' id='word_1_213' title='bbox 618 4220 830 4284; x_wconf 91' lang='lat' dir='ltr'><strong>sollicitantes</strong></span> <span class='ocrx_word' id='word_1_214' title='bbox 854 4219 894 4282; x_wconf 92' lang='lat' dir='ltr'><strong>ad</strong></span> <span class='ocrx_word' id='word_1_215' title='bbox 922 4219 1103 4283; x_wconf 88' lang='lat' dir='ltr'><strong>confinium</strong></span> <span class='ocrx_word' id='word_1_216' title='bbox 1128 4218 1315 4297; x_wconf 88' lang='lat' dir='ltr'><strong>Slavoniae,</strong></span> <span class='ocrx_word' id='word_1_217' title='bbox 1341 4219 1397 4280; x_wconf 88' lang='lat' dir='ltr'><strong>oni</strong></span> <span class='ocrx_word' id='word_1_218' title='bbox 1423 4220 1493 4303; x_wconf 88' lang='lat' dir='ltr'><strong>ipse</strong></span> 
     </span>
     <span class='ocr_line' id='line_1_34' title="bbox 368 4324 1495 4412; baseline -0.002 -22"><span class='ocrx_word' id='word_1_219' title='bbox 368 4326 411 4390; x_wconf 92' lang='lat' dir='ltr'><strong>ad</strong></span> <span class='ocrx_word' id='word_1_220' title='bbox 435 4349 592 4412; x_wconf 89' lang='lat' dir='ltr'><strong>praesens</strong></span> <span class='ocrx_word' id='word_1_221' title='bbox 616 4338 754 4412; x_wconf 85' lang='lat' dir='ltr'><strong>praeest,</strong></span> <span class='ocrx_word' id='word_1_222' title='bbox 780 4328 943 4404; x_wconf 86' lang='lat' dir='ltr'><strong>venirent,</strong></span> <span class='ocrx_word' id='word_1_223' title='bbox 969 4327 1091 4389; x_wconf 84' lang='lat' dir='ltr'><strong>faceret</strong></span> <span class='ocrx_word' id='word_1_224' title='bbox 1107 4347 1183 4388; x_wconf 90' lang='lat' dir='ltr'><strong>cum</strong></span> <span class='ocrx_word' id='word_1_225' title='bbox 1199 4324 1317 4387; x_wconf 89' lang='lat' dir='ltr'><strong>iisdem</strong></span> <span class='ocrx_word' id='word_1_226' title='bbox 1334 4346 1384 4405; x_wconf 92' lang='lat' dir='ltr'><strong>ea,</strong></span> <span class='ocrx_word' id='word_1_227' title='bbox 1409 4346 1495 4410; x_wconf 88' lang='lat' dir='ltr'><strong>quae</strong></span> 
     </span>
     <span class='ocr_line' id='line_1_35' title="bbox 367 4430 1493 4517; baseline -0.003 -19"><span class='ocrx_word' id='word_1_228' title='bbox 367 4434 450 4498; x_wconf 86' lang='lat' dir='ltr'><strong>tales</strong></span> <span class='ocrx_word' id='word_1_229' title='bbox 474 4433 701 4498; x_wconf 87' lang='lat' dir='ltr'><strong>schismaticos</strong></span> <span class='ocrx_word' id='word_1_230' title='bbox 726 4432 910 4497; x_wconf 89' lang='lat' dir='ltr'><strong>turbatores</strong></span> <span class='ocrx_word' id='word_1_231' title='bbox 927 4443 1108 4511; x_wconf 71' lang='lat' dir='ltr'><strong>merentur,</strong></span> <span class='ocrx_word' id='word_1_232' title='bbox 1134 4432 1215 4495; x_wconf 86' lang='lat' dir='ltr'><strong>haec</strong></span> <span class='ocrx_word' id='word_1_233' title='bbox 1234 4452 1312 4494; x_wconf 88' lang='lat' dir='ltr'><strong>vero</strong></span> <span class='ocrx_word' id='word_1_234' title='bbox 1336 4430 1380 4494; x_wconf 87' lang='lat' dir='ltr'><strong>ad</strong></span> <span class='ocrx_word' id='word_1_235' title='bbox 1403 4453 1493 4517; x_wconf 84' lang='lat' dir='ltr'><strong>prac-</strong></span> 
     </span>
     <span class='ocr_line' id='line_1_36' title="bbox 368 4537 1493 4605; baseline -0.003 -1"><span class='ocrx_word' id='word_1_236' title='bbox 368 4563 444 4605; x_wconf 89' lang='lat' dir='ltr'><strong>acns</strong></span> <span class='ocrx_word' id='word_1_237' title='bbox 460 4542 670 4604; x_wconf 83' lang='lat' dir='ltr'><strong>Eminentiae</strong></span> <span class='ocrx_word' id='word_1_238' title='bbox 686 4540 823 4604; x_wconf 90' lang='lat' dir='ltr'><strong>Vestrae</strong></span> <span class='ocrx_word' id='word_1_239' title='bbox 849 4540 990 4603; x_wconf 86' lang='lat' dir='ltr'><strong>demisse</strong></span> <span class='ocrx_word' id='word_1_240' title='bbox 1016 4538 1295 4602; x_wconf 85' lang='lat' dir='ltr'><strong>communicanda</strong></span> <span class='ocrx_word' id='word_1_241' title='bbox 1319 4537 1413 4602; x_wconf 87' lang='lat' dir='ltr'><strong>duxi.</strong></span> <span class='ocrx_word' id='word_1_242' title='bbox 1436 4586 1493 4603; x_wconf 86' lang='lat'><strong>...</strong></span> 
     </span>
     <span class='ocr_line' id='line_1_37' title="bbox 367 4643 1491 4731; baseline -0.004 -19"><span class='ocrx_word' id='word_1_243' title='bbox 367 4646 517 4712; x_wconf 85' lang='lat' dir='ltr'><strong>Juvenes</strong></span> <span class='ocrx_word' id='word_1_244' title='bbox 533 4646 675 4711; x_wconf 90' lang='lat' dir='ltr'><strong>Valachi</strong></span> <span class='ocrx_word' id='word_1_245' title='bbox 700 4647 784 4711; x_wconf 89' lang='lat' dir='ltr'><strong>bene</strong></span> <span class='ocrx_word' id='word_1_246' title='bbox 808 4646 986 4731; x_wconf 87' lang='lat' dir='ltr'><strong>proficiunt</strong></span> <span class='ocrx_word' id='word_1_247' title='bbox 1010 4644 1064 4708; x_wconf 90' lang='lat' dir='ltr'><strong>hic</strong></span> <span class='ocrx_word' id='word_1_248' title='bbox 1089 4647 1122 4708; x_wconf 93' lang='lat' dir='ltr'><strong>in</strong></span> <span class='ocrx_word' id='word_1_249' title='bbox 1145 4645 1261 4708; x_wconf 91' lang='lat' dir='ltr'><strong>ordine</strong></span> <span class='ocrx_word' id='word_1_250' title='bbox 1276 4643 1319 4708; x_wconf 89' lang='lat' dir='ltr'><strong>ad</strong></span> <span class='ocrx_word' id='word_1_251' title='bbox 1343 4644 1491 4708; x_wconf 87' lang='lat' dir='ltr'><strong>futurum</strong></span> 
     </span>
    </p>
   </div>
   <div class='ocr_carea' id='block_1_7' title="bbox 0 0 1871 5617">
    <p class='ocr_par' dir='ltr' id='par_1_7' title="bbox 0 0 1871 5617">
     <span class='ocr_line' id='line_1_38' title="bbox 0 0 1871 5617; baseline 0 0"><span class='ocrx_word' id='word_1_252' title='bbox 0 0 1871 5617; x_wconf 95' lang='lat' dir='ltr'><strong> </strong></span> 
     </span>
    </p>
   </div>
  </div>
 </body>
</html>
