3725 5617
433 608 486 663 344
621 657 625 666 ,
689 618 691 622 ·
743 606 782 664 L..
795 608 832 662 Il.
871 608 910 662 De
929 607 1035 663 Unione
1053 607 1244 662 Rumenorurn.

435 742 744 818 Constantinopolitano,
764 757 796 803 ut
814 751 895 804 iidem
914 750 991 804 arnbo
1005 750 1184 804 Athanasium
1204 750 1314 818 ejusque
1333 751 1433 804 clerum
1446 749 1564 804 solemni

435 838 608 893 anathemato
633 837 762 904 ferirent,
790 855 920 905 omneque
939 840 1076 894 unitorum
1096 856 1191 894 nornen
1217 840 1353 893 constratis
1372 845 1565 907 apostatarum

435 926 649 981 execrationibus
668 928 840 982 devoverent.
879 927 1032 992 Callinicus,
1052 929 1227 995 quantumvis
1246 928 1319 996 pacis
1338 944 1432 982 amans
1451 933 1480 981 et
1499 927 1566 982 mis-

434 1016 559 1070 sionariis
578 1017 717 1070 catholicis
736 1017 845 1080 sarens,
871 1018 975 1072 factum
995 1018 1138 1071 Athanasii
1164 1024 1255 1071 tamen
1275 1017 1356 1070 uenia
1374 1016 1487 1085 dignuin
1508 1033 1564 1070 non

433 1105 576 1172 judicarit,
599 1114 657 1159 tum
676 1107 745 1172 quod
766 1107 822 1173 ipse
842 1107 869 1160 in
888 1113 1026 1174 posterum
1042 1107 1097 1173 jam
1118 1123 1171 1159 riou
1191 1106 1305 1173 amplius
1324 1113 1414 1173 posset
1433 1105 1566 1172 pecunias

436 1209 485 1261 per
509 1195 637 1249 exarchos
662 1211 725 1249 suos
749 1196 777 1249 in
802 1197 1019 1249 Transilvaniam
1044 1196 1207 1264 delegandos
1232 1195 1265 1249 ab
1291 1195 1377 1248 unitis
1403 1194 1566 1263 colligere'l,

436 1290 495 1336 tum
520 1283 603 1338 etiam
627 1285 697 1350 qnod
715 1283 883 1338 Athanasius
902 1284 1138 1352 patrocinantibus
1157 1284 1339 1349 calvinianis,
1354 1269 1419 1338 'sibi
1445 1283 1566 1338 maxime

436 1373 562 1436 exosish,
590 1372 714 1426 thronum
735 1372 975 1427 atha-Julionsen
998 1373 1189 1437 obtinuissetb.
1228 1374 1293 1427 lude
1321 1372 1424 1426 factum
1443 1379 1500 1438 est,
1530 1381 1565 1426 ut

438 1469 554 1528 urgente
574 1462 674 1528 synodo
693 1461 788 1515 suain
808 1462 835 1515 id
855 1463 1033 1526 consentiret,
1052 1469 1085 1516 ut
1103 1463 1199 1516 literae
1217 1462 1361 1529 synodicae
1379 1462 1414 1515 ad
1433 1462 1565 1530 populum

435 1549 718 1615 circummitterentur,
739 1552 835 1618 quihus
855 1552 1021 1605 Athanasius
1040 1552 1225 1605 declararetur
1243 1550 1500 1605 excommunicatus.

988 1759 1012 1810 1.

678 1854 812 1910 Literaa
830 1854 1007 1909 Theodosii
1027 1852 1316 1907 Bncharesteusis.

490 1995 700 2062 Theodosius
724 2000 787 2063 Dei
811 2001 917 2083 gratia
941 1997 1211 2083 archiepiscopus
1234 1995 1511 2060 Bucharestensis

721 2116 754 2169 et
778 2104 986 2191 metropolita
1010 2104 1275 2169 Transilvaniao.

528 2246 556 2309 A
582 2245 679 2330 longo
708 2249 779 2333 jam
813 2259 961 2333 tempore
985 2248 1193 2312 occasionem
1226 2245 1377 2333 quaesivi
1402 2242 1463 2308 tibi
1488 2246 1569 2308 scri-

438 2351 539 2416 bendi
566 2364 599 2417 et
622 2363 679 2417 tua
703 2355 799 2435 facta,
827 2378 911 2440 quae
937 2376 998 2418 nec
1022 2355 1094 2418 Deo
1119 2375 1181 2417 nec
1205 2351 1397 2417 hominibus
1420 2350 1568 2436 placent,

438 2458 716 2545 reprehendendi.
764 2462 890 2525 Audivi
916 2463 1005 2525 enim
1037 2483 1057 2524 a
1080 2470 1112 2524 tc
1137 2458 1216 2523 talia
1247 2459 1336 2523 facta
1359 2479 1429 2522 esse
1453 2479 1568 2542 opera,

439 2588 525 2652 quac
558 2590 633 2631 cum
667 2568 793 2653 pudore
832 2567 1004 2632 habebunt
1036 2567 1156 2646 finem,
1193 2576 1226 2629 et
1258 2588 1317 2651 per
1348 2564 1432 2628 hacc
1464 2585 1570 2649 opera

440 2693 597 2756 magnum
622 2676 753 2738 animae
778 2687 853 2739 tune
878 2674 1017 2740 intulisti
1035 2673 1166 2756 vulnus,
1192 2671 1325 2759 quando
1348 2672 1566 2757 pernimiam

439 2781 541 2844 animi
567 2782 614 2844 tui
638 2780 808 2846 levitatem
832 2784 946 2846 errasti
971 2804 1033 2846 nec
1056 2778 1237 2866 respiciens
1260 2780 1454 2865 praestitum
1474 2776 1569 2863 jura-

440 2897 598 2969 mentum,
625 2890 658 2953 in
683 2912 747 2974 quo
773 2900 804 2953 te
828 2889 968 2953 terribili
984 2887 1119 2952 vinculo
1144 2887 1361 2964 obstrinxisti,
1387 2885 1568 2968 neorespi-

442 2995 534 3058 ciens
558 2996 786 3079 tyrannidem,
822 2998 875 3060 cui
900 3007 931 3059 te
962 3018 1022 3081 por
1044 2995 1210 3059 Unionem
1236 2994 1357 3057 factam
1383 2990 1569 3077 subjecisti.

441 3099 535 3165 Scias
558 3112 688 3187 tempus
712 3104 801 3166 vitae
825 3102 924 3188 hujus
949 3101 1051 3165 breve
1075 3123 1162 3182 esse,
1193 3111 1321 3185 etpost
1345 3100 1449 3162 vitam
1474 3108 1508 3161 te
1532 3099 1569 3161 in

440 3211 606 3274 infernum
642 3233 717 3273 cum
751 3209 904 3274 omnibus
929 3207 1011 3290 illis,
1048 3231 1122 3272 cum
1158 3206 1278 3293 quibus
1311 3215 1343 3269 te
1377 3229 1396 3268 a
1421 3226 1569 3268 commu-

441 3318 540 3381 nione
571 3316 718 3381 fidelium
743 3318 900 3402 separasti
935 3329 968 3378 et
993 3317 1221 3401 juramentum
1247 3311 1395 3393 violasti,
1431 3314 1569 3376 iturum.

441 3422 606 3488 Nimirum
640 3424 798 3509 deceptus
830 3447 863 3486 cs
887 3447 906 3486 a
931 3422 1109 3486 mundanis
1133 3420 1332 3501 honoribus,
1367 3417 1456 3483 unde
1481 3417 1569 3503 pede

443 3529 578 3595 trudens
602 3540 751 3594 sanctam
777 3541 914 3593 matrem
940 3527 1132 3592 orientalem
1158 3526 1332 3591 ecclesiam
1364 3527 1500 3610 insuper
1523 3523 1569 3587 ab

441 3635 498 3701 illa
532 3639 812 3701 consecrationem
849 3637 1017 3721 accepisti.
1074 3635 1198 3698 Forsan
1236 3634 1404 3716 cogitasti,
1440 3643 1472 3695 te
1508 3653 1572 3716 per

474 3911 494 3981 ¹)
515 3917 555 3963 De
580 3914 685 3963 lucroso
711 3915 761 3962 hoc
782 3913 885 3962 exarchi
907 3928 1013 3961 munere
1042 3912 1090 3963 cir.
1111 3913 1206 3959 Goar.
1231 3909 1291 3957 loco
1311 3923 1325 3955 a
1345 3908 1421 3956 uobis
1447 3907 1570 3955 indicato

513 4002 538 4049 p.
559 3986 619 4042 260,
639 4001 669 4034 ac
689 3987 748 4034 vide
768 3987 845 4034 etiarn
866 3987 1024 4048 Cuperum
1044 3999 1088 4047 op.
1109 3983 1152 4034 cit.
1172 3997 1216 4032 nn.
1242 3991 1305 4042 1317
1326 3995 1400 4043 seqq.

474 4064 495 4131 ι)
514 4067 585 4114 ncta
598 4066 721 4115 Callinici
742 4074 833 4114 contra
848 4064 1018 4113 Calvinianos
1038 4064 1111 4112 brari
1130 4063 1157 4110 in
1177 4067 1320 4124 conspectu
1333 4059 1409 4123 ponit
1421 4059 1572 4120 Cuperus

515 4137 532 4186 l.
552 4154 575 4186 c.
595 4153 638 4188 nn.
662 4147 843 4199 1500-1511·

473 4215 496 4284 ⁸)
518 4218 572 4266 cn.
587 4218 739 4267 relationem
753 4217 907 4265 Residentis
919 4215 1074 4274 Valachiae,
1095 4227 1172 4276 quarn
1184 4212 1349 4260 exhibuimus
1360 4225 1404 4273 pp.
1418 4219 1573 4272 193-194,

514 4289 579 4338 Cum
599 4306 630 4338 ea
650 4289 717 4338 male
737 4289 900 4336 concordant
926 4301 994 4351 quae
1014 4293 1106 4333 contra
1126 4284 1202 4332 tidem
1224 4285 1352 4331 Actorum
1373 4280 1465 4328 scribit
1486 4281 1572 4327 Hur-

514 4362 653 4421 muzalri,
682 4362 854 4421 Fragmenta,
883 4375 908 4422 p.
937 4368 984 4418 52,
1014 4355 1164 4420 Theophilo
1190 4356 1244 4403 rita
1273 4356 1363 4402 iuncto
1389 4351 1572 4400 Athanasium

514 4431 636 4482 clientem
657 4448 687 4481 ac
707 4433 876 4480 candidatum
897 4430 978 4478 luisse
998 4428 1199 4484 catholicorum,
1220 4429 1350 4491 Joanncm
1365 4423 1462 4472 Czirlsa
1480 4431 1572 4470 autern

514 4505 732 4561 Calvinistarum,
763 4504 832 4566 qnod
854 4502 896 4549 hic
916 4499 1104 4549 Calvinisrnum
1126 4499 1217 4546 luisset
1237 4505 1325 4561 aperte
1344 4495 1487 4558 protessus.
1531 4495 1574 4542 De

514 4574 564 4625 hoc
585 4584 705 4641 apostata
724 4576 834 4623 ‹lixlmus
853 4588 896 4637 pp.
918 4583 1066 4630 rao-223.
