3725 5617
783 1579 1069 1684 Cepntlu.

741 1775 862 1864 lucrm
889 1775 924 1849 al
954 1774 1054 1849 liirunr
1078 1774 1117 1849 ll.

439 1983 486 2037 Ad
511 1999 582 2051 pag.
604 1982 671 2037 710.
699 2012 731 2022 -
761 1981 915 2035 Formnla
936 1980 1122 2049 juramenti
1148 1980 1337 2034 fidelitatis
1363 1987 1395 2034 et
1420 1997 1490 2048 pro·

367 2071 531 2126 sessionis
562 2070 645 2125 fidei
679 2070 847 2124 Gabrielis
876 2068 1012 2132 llialric,
1045 2085 1082 2121 ex
1113 2069 1230 2137 lingua
1261 2070 1428 2124 slaviuica
1459 2072 1491 2125 in

364 2159 508 2214 latinam
528 2175 632 2214 versa.
653 2190 684 2198 —
706 2160 750 2213 Ex
770 2174 853 2212 anuo
874 2159 964 2212 1663.

440 2286 500 2354 Ego
519 2285 628 2339 Gabriel
649 2284 758 2348 llichir,
778 2282 997 2338 hieromonechus
1016 2282 1124 2336 Ordinis
1142 2299 1163 2337 s.
1184 2282 1293 2347 Basilii,
1313 2284 1443 2351 promitto
1462 2291 1491 2339 et

364 2376 431 2443 juro
451 2375 506 2429 Deo
525 2374 724 2441 limnipotenti.
751 2373 847 2426 beatae
865 2372 976 2440 Virgini
997 2371 1113 2427 llariae,
1139 2371 1217 2425 beato
1236 2371 1360 2426 michaeli
1380 2373 1491 2427 archan-

367 2464 446 2533 gelo,
475 2463 596 2518 omnibns
621 2462 672 2517 Dei
691 2461 797 2516 Sanctis
822 2470 849 2516 et
876 2462 927 2515 toti
954 2462 1063 2515 coelesti
1090 2460 1194 2515 curiae:
1223 2471 1284 2529 post
1309 2462 1374 2517 haec
1399 2470 1491 2516 nostro

367 2552 576 2607 clementissimo
595 2551 724 2620 principi,
746 2551 926 2610 Romanorum
945 2550 1101 2617 imperatori
1121 2557 1149 2603 et
1168 2550 1227 2618 regi
1245 2550 1406 2619 Hungariee
1425 2550 1492 2604 Leo·

368 2640 458 2709 paldo,
477 2649 506 2694 et
524 2640 719 2695 successoribus
738 2640 866 2708 ejusdem,
885 2639 955 2706 qnod
969 2639 1050 2693 velim
1063 2645 1220 2693 constanter
1232 2645 1260 2694 et
1273 2638 1390 2694 fideliter
1403 2640 1492 2694 lacere

367 2737 397 2784 et
415 2729 558 2784 observare
576 2730 642 2784 haec
661 2728 733 2782 infra
751 2728 866 2796 scripta:

442 2837 544 2888 l'rioro.
577 2835 652 2903 Quod
681 2836 762 2889 velim
789 2834 877 2889 tidelis
905 2844 933 2889 et
961 2834 1087 2889 obediens
1115 2851 1186 2898 esse,
1215 2835 1338 2902 inprimis
1367 2835 1435 2892 lleo.
1464 2841 1493 2888 et
1521 2821 1524 2826 ’

367 2926 485 2979 Sanctae
502 2925 640 2979 Murenae
658 2924 795 2979 Ecclesiae
814 2930 843 2978 et
861 2924 935 2978 illius
956 2924 1095 2987 Pontifici,
1122 2924 1164 2977 SS.
1185 2923 1261 2978 Patri
1282 2923 1385 2991 Papae,
1413 2939 1491 2989 qrrem

367 3029 420 3083 ego
446 3029 563 3081 agnosco
588 3019 617 3068 et
635 3021 715 3067 teneo
733 3020 829 3081 capnt,
858 3014 992 3067 doctorem
1018 3019 1047 3066 et
1075 3019 1208 3079 pastorem
1233 3012 1351 3066 omnium
1375 3012 1492 3079 patriar-

367 3103 495 3166 charum,
522 3107 551 3155 et
570 3102 681 3157 aliorum
701 3104 883 3164 sacerdotum,
909 3118 940 3155 ac
958 3102 1044 3155 totius
1063 3100 1286 3155 Christianitatis.
1325 3101 1409 3167 Quam
1429 3101 1492 3155 fide·

367 3192 476 3247 litatem
503 3200 532 3245 et
551 3191 731 3245 obedientiam
750 3192 880 3259 promitto
908 3206 1013 3258 ortoque
1032 3199 1124 3243 nostro
1143 3189 1349 3243 clementissimo
1369 3190 1492 3257 principi,

367 3280 559 3349 imperatoriae
585 3287 613 3333 et
638 3281 731 3348 regiae
750 3281 903 3348 llejestati,
932 3280 1019 3333 veluti
1043 3280 1149 3333 domino
1169 3289 1272 3343 terrae,
1301 3278 1329 3332 iu
1355 3295 1408 3345 que
1432 3295 1490 3346 per·

366 3384 463 3423 maneo
482 3377 511 3423 et
529 3369 603 3423 vitae
621 3385 696 3423 meae
715 3369 865 3436 corporales
884 3369 1060 3423 necessitates
1079 3368 1170 3421 habeo.

441 3458 576 3511 Necarrdo.
607 3458 686 3511 Illam
706 3457 924 3520 nominationem,
945 3474 1024 3524 qrraru
1043 3457 1109 3510 iecit
1124 3456 1236 3510 ultimus
1249 3456 1396 3524 Episcopus
1411 3457 1491 3510 Vala-

365 3545 491 3610 chorum,
510 3545 612 3600 Sabbas
630 3545 840 3611 Sztanislavich,
860 3554 891 3599 nt
910 3562 961 3614 ego
980 3553 1042 3614 post
1060 3545 1136 3599 illum
1155 3545 1302 3614 Episcopus
1320 3561 1368 3599 seu
1387 3546 1493 3599 uladice

367 3635 433 3688 liam
452 3642 481 3687 et
495 3635 578 3703 Juxta
596 3636 665 3689 hanc
684 3636 795 3691 eandem
815 3636 1026 3690 nominationem
1045 3636 1231 3704 calogerorum
1252 3650 1356 3702 quoque
1381 3643 1409 3688 et
1428 3650 1492 3701 quo·

366 3722 482 3778 mndam
508 3724 591 3778 etiarn
621 3724 654 3779 (le
685 3726 795 3779 natione
820 3726 966 3779 Valachica
998 3725 1214 3791 voyvoclatuum,
1242 3728 1272 3778 et
1304 3724 1493 3778 nonnullorum

365 3812 483 3866 alioruin
507 3812 540 3866 (le
559 3811 719 3880 primoribus
738 3813 915 3868 Valacborum
942 3813 1099 3867 electionem
1127 3813 1161 3866 ad
1179 3812 1332 3880 praefatum
1357 3812 1492 3880 episcopa-

365 3908 427 3955 tum
446 3900 584 3969 -primo
609 3907 704 3955 contra
729 3919 844 3957 canones
863 3918 968 3962 sacros,
997 3908 1026 3956 et
1049 3902 1162 3956 concilia
1179 3902 1326 3956 Nicaenum
1351 3907 1379 3955 ct
1398 3902 1492 3956 Antio·

365 3989 494 4046 chenum.
523 3995 552 4044 et
577 3990 644 4044 alios
669 4007 686 4043 a
710 3991 811 4045 sanctis
831 3991 959 4046 Romanis
979 3990 1154 4044 Pontificibus
1179 3990 1300 4044 conditos
1324 4006 1439 4045 canones
1464 3998 1494 4044 et

365 4085 464 4131 contra
488 4078 571 4132 etiarn
591 4078 759 4135 libertatem.
785 4096 816 4133 ac
837 4080 902 4148 jura
920 4079 1008 4133 nostri
1027 4078 1228 4134 clementissimi
1247 4079 1391 4147 principis,
1420 4080 1493 4147 regis

366 4166 542 4235 Hungariae,
571 4167 671 4222 iactam
697 4169 831 4232 annihilo‚
859 4178 888 4223 et
905 4184 1011 4237 semper
1028 4168 1112 4223 nihilo
1139 4167 1248 4234 tenebo,
1277 4182 1326 4222 nec
1351 4184 1384 4221 ea
1402 4167 1492 4222 fulciri

367 4255 440 4320 volo,
459 4272 490 4308 ac
508 4256 531 4310 si
549 4272 597 4324 per
616 4256 824 4312 nominationem
843 4258 909 4312 dicti
928 4257 1032 4312 Sabim
1051 4257 1175 4326 Episcopi
1195 4263 1225 4311 ct
1244 4256 1401 4311 electionem
1421 4257 1493 4310 calu-

366 4360 496 4414 gerorum
514 4351 543 4399 et
557 4346 748 4413 Valachorum,
768 4349 919 4416 praelatum
939 4347 1122 4416 episcopatum
1140 4346 1320 4413 acquirerem,
1339 4346 1385 4400 sed
1404 4353 1493 4400 totum

367 4452 411 4490 rna
437 4434 515 4489 trado
540 4441 569 4489 et
587 4435 698 4505 resigno
717 4436 745 4490 in
764 4436 884 4506 gratiam
907 4435 982 4490 etin
1002 4451 1096 4489 manus
1114 4435 1200 4490 nostri
1225 4434 1425 4488 clementissimi
1445 4434 1493 4487 im·

365 4523 501 4593 peratoris
520 4531 548 4579 et
567 4524 648 4594 regis,
668 4530 697 4579 et
714 4542 839 4595 agnosco,
862 4525 931 4592 quod
951 4541 967 4578 a
985 4524 1059 4578 nullo
1079 4524 1107 4578 in
1127 4524 1310 4592 episcopatum
1329 4522 1493 4586 nominatus,

365 4612 522 4669 declaratus
548 4620 576 4667 et
595 4613 696 4668 electus
714 4615 780 4678 sim,
808 4630 887 4680 quam
907 4630 924 4667 a
942 4614 998 4667 solo
1017 4622 1109 4668 nostro
1137 4612 1344 4667 clementissimo
1363 4611 1492 4679 principe·
