3725 5617
668 658 775 714 Seloeta
789 657 894 729 Judicia
911 658 945 714 do
962 672 1014 713 usu
1032 656 1201 713 Kalendarii.
1429 654 1499 710 1085

365 801 472 871 -ῆμίραι
491 804 541 853 τοῦ
560 800 664 869 Πάσχα
681 802 827 854 καλοῦνται
847 799 1016 869 ,πασχόλιοι
1034 800 1141 871 ῆμίραι,
1161 799 1176 867 ῆ
1195 799 1349 869 πασχόλιος
1367 797 1498 868 ἔβθομιὶς,

365 889 492 959 -ἔβδομδς
509 889 524 955 ῆ
544 888 766 959 διακαινῆσιμος,
793 889 912 958 ἕβδομός
930 894 976 955 τῆς
994 889 1208 960 διακαινησίμου
1227 890 1242 955 ἢ
1260 892 1305 941 καλ
1323 892 1373 941 τοῦ
1391 888 1500 939 διακαι-

372 982 520 1048 νησίμου“.
557 978 678 1045 Ἐκλήθη
695 978 725 1031 δὲ
744 977 815 1030 οὕτω
835 977 849 1043 ῆ
869 977 1002 1047 ίβδομιλς,
1029 983 1082 1033 είτε
1102 979 1174 1030 διότι
1193 978 1283 1032 πάντα
1301 976 1348 1028 διδ
1367 980 1412 1042 τῆς
1429 976 1500 1029 οἰνα-

367 1068 492 1126 -στάσειος
516 1068 737 1129 α’νακαινίζονται
762 1068 805 1119 ίπλ
837 1067 868 1119 τό
893 1069 1013 1130 βίλτιου,
1042 1071 1095 1121 είτε
1122 1067 1195 1119 διότι
1223 1070 1249 1120 ολ
1273 1066 1406 1137 νεόφυτοι
1430 1064 1499 1117 κατα

370 1156 473 1228 ῆμίρας
491 1158 593 1215 ἐκείνας
611 1156 796 1226 περιῆρχοντο
815 1156 833 1207 δ
838 1156 870 1207 τό
889 1160 1014 1209 καινῶν
1033 1160 1189 1226 ἱματίων,
1209 1155 1290 1209 ἅτινα
1302 1154 1458 1224 ἐλάμβανον
1471 1154 1500 1206 ίν

374 1251 411 1314 τῷ
428 1250 608 1315 βαπτίσματι,
629 1250 681 1299 εἴτε
701 1246 775 1298 διότι
794 1247 938 1314 πολλαχοῦ
956 1246 988 1298 τό
1007 1250 1071 1299 νίον
1082 1246 1142 1303 ἔτος
1161 1246 1260 1315 ἤρχετο
1274 1244 1328 1296 δπό
1341 1244 1372 1295 τό
1387 1242 1499 1311 Ιίόσχα,

374 1340 427 1390 εἴτε
454 1335 525 1388 διότι
552 1336 696 1403 ηδλογεῑτο
715 1336 746 1387 τό
772 1336 870 1390 καινόν
888 1334 1001 1404 κη’ρινον
1026 1334 1197 1404 πασχιίλιον,
1227 1339 1264 1393 είς
1288 1333 1305 1385 δ
1332 1332 1500 1403 ίνεγροῖφετο

373 1425 502 1490 συνήθως
521 1424 587 1476 αῦτό
613 1425 644 1476 τό
663 1425 722 1482 ἔτος
739 1422 801 1493 μετ’
819 1424 910 1475 ἄλλων
936 1424 1142 1493 χρονολογικῶν
1160 1423 1342 1493 σημειώσεων.
1380 1422 1430 1475 Ἐκ
1454 1424 1500 1487 τῆς

372 1513 574 1578 λευκότητος
598 1513 681 1565 πόλιν
700 1518 754 1565 τιῦν
771 1516 874 1566 και-νῦν
898 1515 1032 1582 ἱματίων,
1060 1512 1142 1566 ἅτινα
1161 1514 1221 1567 τότε
1241 1512 1363 1583 ἐφόρουν
1391 1513 1417 1562 οί
1437 1509 1499 1563 νεό-

373 1622 471 1675 φυτοι,
501 1602 598 1669 ἔκλῆθη
627 1602 642 1667 ῆ
661 1602 781 1672 ἕβδομός
805 1602 878 1673 παρα
898 1606 1032 1661 Λατίνοις
1056 1600 1187 1657 hebdoma
1205 1601 1340 1666 albarum,
1368 1601 1397 1654 in
1422 1598 1499 1664 albis,

373 1695 418 1744 καλ
436 1691 528 1751 όπλιῦς
546 1692 607 1746 alba
632 1693 647 1757 ἦ
666 1691 752 1747 albae.
790 1691 827 1743 ‘H
850 1691 928 1761 λορτῆ
955 1695 1000 1756 τῆς
1018 1691 1213 1761 ίπιφοιτῆσειος
1237 1696 1286 1743 τοῦ
1305 1690 1387 1758 όγίου
1407 1687 1500 1742 Πνεῦ-

369 1800 460 1851 ματος
484 1780 539 1832 ἀπό
564 1781 617 1850 μὲν
642 1784 692 1833 τοῦ
710 1786 844 1850 χρονικοῦ
868 1779 1053 1850 διαστήματος
1077 1781 1177 1847 ίκλῆθη
1201 1780 1355 1844 Ἑλληνιστὶ
1375 1784 1500 1843 Πευτη-

370 1871 456 1935 κοστῆ
476 1872 630 1933 σλοβενιστλ
648 1869 790 1935 Binkosti,
810 1869 944 1940 οῦγγρικδ
963 1870 1101 1937 Ρλλτιλεδτλ,
1119 1872 1242 1939 γαλλιστλ
1261 1869 1416 1931 Ρθῐιθθσδλθ,
1436 1864 1507 1936 γερ-’

369 1963 487 2028 μανιστλ
506 1957 661 2027 Pfingsten‚
687 1958 796 2011 δανιστλ
816 1958 920 2014 Pintse·
947 1959 1001 2011 δπό
1021 1960 1050 2011 δὲ
1070 1963 1120 2013 τοῦ
1137 1963 1292 2029 μυστηρίου
1311 1962 1355 2023 τῆς
1374 1957 1499 2026 ἑορταζο-

369 2051 455 2117 μίνης
473 2046 552 2115 δγιάς
576 2047 694 2116 Τριόδος
718 2047 877 2118 (Trinitas),
905 2051 1025 2117 σερβιστλ
1043 2048 1163 2118 Trojicin
1188 2048 1256 2113 dan,
1284 2047 1413 2117 ῥωσσιστλ
1432 2045 1498 2099 Ned.

371 2137 499 2205 Svjatyja
516 2135 614 2189 Troici·
644 2134 699 2188 ἀπό
726 2139 771 2202 τῆς
795 2135 998 2203 λευκότητος
1023 2142 1073 2189 τοῦ
1098 2139 1252 2207 ἱματισμοῦ
1275 2141 1330 2190 τῶν
1355 2134 1499 2206 νεοιμῦτων

373 2228 502 2296 α’γγλιστλ
521 2225 616 2279 White
634 2225 740 2292 sunday
763 2225 853 2296 (λευκῆ
872 2226 1004 2296 κιιριακῆ)·
1030 2226 1085 2278 ιῖπό
1104 2227 1133 2279 δὲ
1153 2230 1207 2281 τῶν
1224 2225 1334 2279 α’νθίων
1352 2229 1395 2278 καλ
1417 2226 1499 2277 θαλε-

372 2319 428 2385 ρῶν
446 2314 568 2376 κλιίδων,
594 2316 728 2366 λιιτινιστλ
748 2314 853 2368 Pascha
871 2330 1005 2379 rosarum,
1031 2317 1146 2366 ίταλιστλ
1164 2316 1273 2382 Paflqua
1292 2331 1365 2379 rosa,
1393 2318 1416 2365 Γ
1413 2333 1499 2383 ερμιι-

372 2408 446 2457 νιστι
463 2403 639 2468 Blumenfest,
659 2402 816 2472 Maienfest)
834 2424 857 2455 κ.
878 2423 900 2455 τ.
919 2404 943 2453 λ.

446 2501 596 2566 Ἐπιλείιγει
618 2501 688 2571 ἡμᾶς
705 2501 808 2572 χρόνος
827 2520 854 2556 τε
873 2506 918 2553 καλ
938 2501 1030 2563 τόπος,
1054 2506 1240 2571 πειρωμένους
1258 2501 1305 2553 διιί
1323 2504 1500 2571 μακροτίρων

380 2590 412 2642 ra*
432 2589 621 2660 α’ττοδείξωμεν
646 2592 695 2656 τῆν
713 2591 917 2656 σπουδαιότητα
942 2595 993 2644 τοῦ
1011 2593 1134 2644 νιλλιιίου
1156 2590 1339 2662 λορτολογίου.
1375 2590 1424 2642 Ἐκ
1446 2595 1499 2642 τῶν

376 2683 618 2749 παρατεθειμίνοιν
643 2680 746 2744 νύξεων
771 2679 869 2741 εἰκάζει
888 2679 904 2731 ό
923 2680 1134 2749 ἀναγινώσκων,
1163 2680 1205 2733 ότι
1229 2686 1274 2732 καλ
1294 2684 1320 2732 ολ
1348 2679 1410 2749 παρ’
1430 2678 1499 2749 ῆμῖν

373 2773 433 2839 περὶ
459 2769 509 2834 τῆν
528 2771 678 2836 θεολογίαν
702 2769 909 2839 ἀσχολούμενοι
935 2771 1048 2823 πλεῖστα
1073 2770 1112 2821 θα
1138 2770 1296 2839 ὠφελοῦντο
1321 2769 1500 2839 ίγκῦπτοντες

376 2862 413 2916 είς
431 2858 550 2926 ίμβριθῆ
568 2858 682 2926 μελέτην
701 2857 793 2909 αὐτοῦ·
813 2858 871 2909 ἀλλ’
891 2858 1019 2928 οὐδαμῶς
1038 2858 1098 2912 τότε
1117 2863 1213 2928 πρίπει
1233 2860 1267 2912 νδ
1286 2859 1499 2928 διαπορῆσωμευ

373 2946 418 2998 ὅτι
438 2946 453 2998 ό
473 2945 658 3016 συγγραιγεῦς,
678 2950 715 3006 είς
733 2947 783 3012 τῆν
801 2951 850 2999 τοῦ
868 2947 961 3013 Ἰησοῦ
974 2946 1117 3018 Ἐταιρίαν
1135 2947 1242 3014 α’νῆκων
1260 2951 1303 2999 καὶ
1323 2947 1377 2998 ἀπό
1398 2945 1498 3012 αῦστη-

374 3040 422 3105 ριῖς
441 3036 699 3104 ῥωμιινοκαθυλικῆς
723 3035 841 3095 στάσεως
869 3035 902 3086 τιὶ
921 3035 1072 3106 πράγματα
1091 3035 1291 3106 διιριβολογιῦν,
1319 3038 1429 3105 χωρίζει
1450 3035 1498 3094 τός

371 3125 427 3176 dud
448 3129 496 3177 τοῦ
516 3128 671 3194 σχίσματος
690 3128 728 3183 είς
746 3124 795 3190 τῆν
814 3123 995 3178 Ἀνατολικι“ν
1016 3125 1180 3190 Ἐκκλησίαν·
1199 3130 1378 3194 ελσιιχθείσιις
1396 3123 1497 3194 εὀρτιλς,

372 3219 492 3266 ποιεῖται
517 3215 686 3283 δογματικαῖς
711 3232 785 3273 τινας
804 3215 982 3284 παρεκβάσεις
1005 3218 1050 3266 καλ
1074 3216 1243 3284 μακρολογει·
1265 3217 1327 3284 περὶ
1346 3213 1497 3276 Ἐνζυπων,

376 3307 488 3355 Φωτίου
515 3306 559 3354 καλ
588 3307 633 3368 τῆς
661 3303 689 3355 ἐν
711 3305 870 3373 Φλωρεντίᾳ
899 3303 1029 3357 συνόδου.
1068 3302 1104 3356 ‘11
1126 3308 1301 3373 πραγματεία
1330 3307 1379 3355 τοῦ
1407 3307 1498 3372 σοφοῦ

373 3393 522 3444 καθολικοῦ
542 3391 625 3454 είναι,
652 3392 719 3444 ὅσον
738 3412 768 3462 γε
789 3394 852 3460 ἐνῆν
871 3393 951 3461 αὐτῷ,
971 3398 1176 3463 συντεταγμένη
1200 3394 1227 3458 ἐξ
1245 3393 1435 3462 ἀντικειμένου
1453 3395 1498 3443 καλ

372 3480 488 3545 ιέπαθῆς.

447 3577 644 3648 Ὕποκειμίυου
669 3580 755 3649 λόγου
779 3585 841 3651 περὶ
865 3584 912 3645 τῆς
936 3585 997 3640 νίας
1022 3585 1219 3646 θεσπισθείσης
1244 3579 1334 3649 ἑορτῆς
1359 3579 1498 3646 Κυρίλλου

371 3670 416 3719 καλ
438 3667 600 3730 Μεθοδίου,
628 3667 644 3721 ὁ
673 3669 760 3739 σοφός
779 3671 878 3735 Νίλλης
902 3674 1030 3739 προέταξε
1056 3670 1105 3735 τῆν
1130 3674 1235 3723 οίκείτιν
1259 3669 1379 3733 παπικῆν
1399 3667 1495 3736 Ἐγκελ-

371 3759 464 3817 κλιον,
493 3755 709 3826 ιλνεδημοοίευσε
728 3758 757 3811 δὲ
777 3759 827 3812 τόν
845 3760 907 3829 ἄρτι
926 3758 1147 3828 δημοσιευθίντα
1172 3758 1356 3827 ,ἀντίλεγχον
1374 3762 1423 3810 τοῦ
1442 3757 1497 3810 ῦπό

371 3849 422 3897 τοῦ
441 3850 510 3896 Har.
527 3848 685 3915 Μητροπολ.
701 3847 885 3917 Νικομηδείας
902 3852 1057 3917 γενομένου
1069 3848 1183 3917 ίλίγχου
1203 3852 1248 3912 τῆς
1261 3847 1424 3915 Ἐγκυκλίου
1438 3847 1496 3899 ίττι-

373 3934 468 3999 στολῆς
492 3938 612 3992 ιίίοντος
632 3934 679 3986 IF'
707 3936 762 3988 ῦπό
787 3942 838 3989 τοῦ
862 3937 1066 4007 Ἰεροδιακόνου
1085 3935 1200 3989 Ἠσαίου
1226 3936 1497 3990 Παππαδοποόλου“.

372 4021 423 4074 Ἐν
447 4026 565 4091 βραχείᾳ
590 4027 640 4075 τοῦ
664 4025 872 4095 παραρτῆματος
898 4024 998 4078 τούτου
1025 4029 1161 4098 είσαγωγῆ
1185 4024 1201 4077 ό
1225 4025 1321 4093 ἔξοχος
1344 4026 1498 4095 καθηγητῆς

373 4113 471 4176 Νίλλης
495 4111 564 4179 μετιὶ
594 4113 692 4178 πολλῆς
721 4119 938 4183 μετριοπαθείας
968 4114 1096 4186 ίκιγριίζει
1128 4116 1258 4185 εἰλικρινῆ
1282 4112 1384 4179 λύπην,
1413 4113 1456 4165 ὄτι
1481 4114 1496 4167 ό

374 4200 559 4268 ἕλίκομηδείας
577 4204 740 4270 Βρυίννιος,
768 4202 914 4274 διαπρεπὲς
930 4206 1013 4272 μίλος
1036 4208 1081 4269 τῆς
1099 4206 1172 4274 ίερῦς
1196 4202 1332 4265 συνόδου,
1360 4203 1497 4267 ἀποδεξό-

370 4307 455 4357 μευος
484 4290 529 4346 ια’,-
557 4293 611 4342 τών
638 4290 904 4361 διαμαρτυρομίνων
932 4296 1064 4364 θεωρίας,
1093 4290 1302 4361 διῖσχυρίσατο,
1330 4291 1373 4344 ὅτι
1401 4292 1416 4343 ό
1444 4293 1498 4361 μλν

373 4381 475 4446 ΙΙίτρος
493 4377 540 4429 δὲν
558 4377 678 4447 ὑπῆρξεν
695 4378 862 4439 Ἐπίσκοπος
880 4385 925 4446 τῆς
944 4380 1087 4451 Ἱωμαίας
1099 4380 1263 4447 Ἐκκλησίας,
1284 4380 1299 4447 ῆ
1317 4380 1346 4433 δὲ
1365 4384 1427 4451 περὶ
1447 4385 1497 4434 τοῦ

371 4471 506 4534 πρωτείου
526 4472 571 4532 τῆς
585 4467 666 4534 αὐτῆς
678 4467 837 4535 Ἐκκλησίας
849 4469 1014 4522 διδασκαλία
1027 4469 1096 4524 ελναι
1109 4471 1199 4537 πολλῷ
1210 4475 1434 4542 μεταγενεστίρα.
1448 4511 1453 4522 .
1468 4511 1474 4523 .
1489 4512 1496 4523 .

442 4572 477 4624 ‘11
495 4574 643 4644 συγγραφῆ
663 4579 712 4627 τοῦ
730 4579 888 4644 καθηγητοῦ
902 4577 1014 4643 Νίλλου,
1034 4579 1059 4629 εί
1076 4578 1121 4627 καλ
1139 4575 1337 4647 περιλαμβάνει
1348 4579 1410 4630 τινα
1424 4578 1496 4645 ιέπᾴ-

372 4663 457 4713 δοντα
477 4666 508 4734 τῆ
528 4662 688 4737 ’.ίνατολικῆ
701 4663 846 4731 Ἐκκλησία
864 4662 935 4718 εἶναι
953 4664 1189 4736 περισπούδαστος
1206 4664 1262 4719 δπό
1281 4666 1331 4732 τῆν
1348 4667 1496 4739 ἐπιστημο-
