3725 5617
452 609 509 662 348
770 610 800 665 t.
820 611 856 665 ΙΙ.
894 612 934 666 De
953 613 1058 667 Unione
1076 614 1267 667 Rumenonrm.

456 755 570 817 animo
596 755 629 817 in
653 764 842 832 aeternum,
874 757 900 819 si
926 778 991 820 non
1017 756 1177 820 rediveris
1201 756 1243 820 ad
1268 767 1415 821 sanctam
1442 765 1583 820 matrem

454 860 649 924 orientalem
683 860 874 942 ecclesiam,
909 862 1217 926 anathematizatus.
1273 861 1415 940 Scribis,
1452 873 1489 926 ut
1522 862 1583 926 tibi

456 968 585 1030 mittam
617 967 699 1031 duos
722 968 825 1053 pileos
854 968 1067 1053 calugericos.
1115 970 1189 1033 Hoc
1213 970 1379 1034 modicam
1410 972 1444 1034 in
1469 970 1585 1033 animo

455 1096 530 1138 meo
554 1075 715 1138 excitavit
738 1074 909 1140 laetitiam.
957 1077 1110 1140 Fortasse
1135 1078 1253 1140 iterum
1269 1077 1320 1140 vis
1344 1076 1479 1158 caluger
1499 1076 1583 1141 fieri.

457 1191 494 1245 ut
517 1183 633 1245 venias
664 1181 707 1246 ad
730 1193 899 1246 aeternam
924 1182 1073 1248 salutem.
1121 1184 1273 1247 Fortasse
1296 1205 1438 1248 nauseas
1462 1193 1584 1258 vestes,

455 1311 543 1374 quae
567 1288 628 1352 tibi
653 1288 749 1353 datae
773 1300 858 1354 sunt.
906 1292 1000 1353 Deus
1025 1289 1097 1370 det,
1126 1302 1252 1354 utnon
1277 1289 1397 1353 induas
1420 1289 1585 1352 Romano-

455 1416 531 1458 rum
555 1405 663 1459 vestes
687 1406 719 1458 ct
742 1396 1013 1478 consuetudines,
1038 1407 1071 1460 et
1094 1396 1388 1476 confirmationem,
1413 1417 1514 1481 quam
1541 1394 1585 1459 ab

457 1501 521 1566 illis
545 1501 658 1583 babes,
683 1502 825 1587 rejicias.
872 1503 966 1566 Haec
990 1525 1122 1588 precor,
1148 1515 1183 1566 ut
1210 1503 1300 1567 llaus
1324 1502 1380 1566 det
1402 1502 1584 1566 scintillam

454 1611 579 1673 amoris
602 1611 734 1673 animae
758 1620 844 1674 tuae.
884 1609 984 1673 Plura
1008 1609 1069 1674 tibi
1094 1609 1260 1674 scribendi
1286 1633 1350 1674 nen
1366 1607 1473 1674 habeo
1491 1631 1586 1674 oeca-

455 1718 600 1797 sionem,
632 1715 691 1780 sed
715 1727 809 1801 opto,
841 1727 878 1780 ut
902 1739 1037 1780 maneas
1060 1717 1148 1781 filius
1172 1716 1339 1781 orientalis
1362 1715 1524 1781 ecelesiae
1553 1731 1587 1781 et

368 1873 372 1890 .
453 1825 610 1909 acquiras
633 1833 801 1887 aeternam
826 1822 1078 1888 beatitudinem.

707 1956 969 2037 Theodosius,
996 1956 1059 2020 Dei
1083 1958 1189 2042 gratia
1213 1955 1483 2042 archiepiscopus
1508 1967 1541 2019 et

870 2062 1077 2149 metropolita
1101 2062 1364 2127 Transilraniae.

547 2197 741 2261 Buelraresti
775 2197 807 2261 3.
840 2197 936 2281 llaji,
972 2219 1060 2261 anno
1100 2221 1120 2260 a
1153 2208 1262 2260 creato
1298 2195 1421 2259 arundo
1462 2199 1589 2282 septies

455 2304 630 2369 millesimo
656 2303 882 2367 ducentesimo
908 2303 1080 2382 deeimo¹l.

502 2430 554 2510 (B.
581 2429 620 2494 U.
647 2429 684 2494 B.
710 2452 764 2515 pp.
790 2429 990 2507 aot-272.)

1007 2624 1031 2676 2.

644 2719 783 2776 Literae
802 2721 980 2787 synodicae
999 2719 1156 2773 Callinici
1178 2717 1393 2786 CPolitaui¹).

549 2856 740 2937 Callinicus,
766 2858 829 2921 Dei
851 2859 959 2941 gratia
976 2853 1362 2941 Constantinopolitanus
1386 2854 1586 2918 universalis

457 2963 656 3050 patriarcha.
704 2963 855 3044 Nobiles,
892 2961 1002 3026 clerici
1035 2973 1067 3025 et
1098 2984 1204 3048 popae
1236 2983 1349 3025 omncs
1381 2963 1413 3025 in
1439 2960 1585 3024 Transil·

459 3072 577 3148 vania,
609 3070 752 3153 domini,
785 3080 982 3133 mercatores
1014 3079 1046 3131 et
1070 3070 1189 3132 caeteri
1219 3067 1385 3133 benedicti
1410 3066 1585 3130 christiani

457 3198 517 3263 per
540 3186 642 3240 totam
667 3176 952 3257 Transilvaniam,
986 3176 1042 3261 qui
1074 3176 1107 3238 in
1132 3177 1358 3248 sanctissima,
1391 3172 1585 3259 apostolica.

457 3283 622 3348 catholica
646 3294 678 3346 et
702 3283 885 3348 orthodoxa
909 3281 1050 3346 ecclesia
1074 3281 1225 3345 orientali
1255 3283 1289 3346 in
1314 3279 1444 3344 Christo
1470 3278 1584 3344 dilecti

456 3389 517 3455 filii
541 3392 778 3476 permansistis,
805 3413 870 3476 pax
894 3392 937 3454 sit
951 3388 1047 3453 vobis
1070 3388 1225 3452 omnibus
1249 3399 1282 3452 et
1300 3389 1407 3473 gratia
1421 3385 1463 3451 ab
1481 3389 1586 3451 omni·

458 3507 591 3581 potente
617 3499 689 3560 Deo
721 3520 760 3560 ac
791 3497 936 3560 Domine
960 3497 1079 3560 Nostro
1104 3495 1186 3560 Jesu
1210 3493 1342 3558 Christo
1376 3505 1409 3557 et
1438 3517 1457 3556 a
1489 3491 1587 3556 nobis

458 3603 648 3669 benedictio
685 3614 717 3668 et
751 3601 924 3666 absolutio,
961 3641 1004 3648 -
1046 3601 1213 3682 Quoniam
1250 3600 1345 3664 uobis
1379 3623 1438 3686 per
1472 3599 1588 3662 literas

457 3713 687 3776 sanctissimus
720 3708 974 3774 Transilvaniae
1008 3707 1217 3795 metropolita
1248 3708 1408 3794 gloriosus
1440 3705 1588 3771 exarcha

457 3827 492 3880 et
532 3819 566 3882 in
599 3817 725 3904 Spiritu
760 3827 874 3881 sancto
916 3815 1056 3880 dilectus
1097 3817 1197 3880 frater
1236 3828 1346 3879 noster
1377 3813 1588 3878 Theodosius

457 3924 621 4008 ostendit,
657 3925 798 4011 qualiter
830 3923 999 4009 antelapso
1039 3933 1185 4007 tempore
1225 3922 1361 4006 indigne
1394 3922 1587 4007 quempiam

458 4029 587 4094 dictum
622 4031 843 4096 Athanasium
880 4032 1125 4095 consecraverit
1167 4031 1200 4093 in
1237 4030 1427 4115 episcopum
1471 4028 1588 4114 populi

459 4137 631 4202 Valaelrici
656 4140 690 4203 in
714 4138 966 4221 Transilvania,
1003 4139 1060 4223 qui
1092 4135 1256 4222 apopnle
1291 4135 1437 4221 praefato
1462 4134 1590 4199 electus

458 4255 508 4308 est
539 4257 671 4331 prepter
694 4246 932 4325 sacerdotium,
966 4257 1002 4308 ut
1031 4247 1064 4308 in
1090 4244 1215 4330 Spiritu
1240 4252 1354 4306 sancto
1387 4240 1591 4306 christianos

494 4479 512 4548 ¹)
534 4481 627 4528 Annus
641 4481 801 4528 Graecorum
822 4495 837 4526 a
857 4487 945 4526 creato
965 4479 1063 4526 mundo
1084 4489 1154 4539 7210
1175 4477 1317 4540 respondet
1336 4490 1405 4524 anno
1424 4485 1489 4538 1702
1510 4489 1591 4524 aerae

532 4567 563 4599 vu
595 4567 653 4599 aris.

490 4621 513 4690 Ε)
533 4551 629 4672 Eldana
647 4622 778 4670 rumenice
792 4621 817 4668 in
834 4623 862 4672 B.
877 4622 909 4674 U.
923 4623 952 4672 B.
971 4637 1015 4685 pp.
1030 4633 1043 4668 2
1049 4627 1182 4682 50-200,
1201 4619 1283 4668 latine
1295 4618 1362 4668 ibid.
1377 4632 1422 4682 pp.
1436 4619 1592 4681 πίῃ-265.
