3725 5617
365 634 419 688 704
691 631 722 688 L.
742 632 791 687 IV.
828 632 868 685 Ds
887 632 993 687 Unione
1011 631 1160 686 Serborum

365 776 671 856 animadvertisset,
707 785 778 837 tum
816 774 1063 859 promovendae
1100 772 1271 859 religionis
1312 774 1501 840 catholicae

368 884 534 947 Romanae
558 880 645 963 zelo,
682 902 757 944 cum
782 892 814 945 et
836 891 886 945 tot
908 880 1120 945 Diaetalibus
1143 878 1312 962 articulis,
1348 884 1403 947 uti
1428 884 1501 947 arti-

366 990 440 1055 culo
463 990 503 1055 50
534 989 619 1053 1548
643 999 675 1051 et
707 990 767 1051 120
793 988 877 1052 1550
906 1011 946 1052 ac
976 988 1037 1052 300
1063 988 1147 1052 1563
1176 987 1320 1074 aliisque
1351 989 1399 1054 de
1430 1011 1502 1054 con·

365 1098 530 1163 servanda
562 1098 596 1160 in
629 1094 682 1159 his
713 1097 823 1180 regnis
857 1096 954 1158 unice
979 1094 1323 1160 Romano-catholica
1359 1095 1432 1161 fide
1463 1119 1500 1162 sc

366 1205 443 1270 dato
468 1203 610 1289 desuper
630 1201 808 1267 Slavoniae
832 1200 972 1265 statibus
995 1204 1085 1285 regio
1115 1201 1297 1286 diplomate
1322 1202 1500 1289 impulsus.

455 1310 702 1375 Aduenientem
744 1331 761 1371 e
796 1308 919 1371 Turcia
962 1311 1049 1372 circa
1088 1331 1142 1373 an.
1181 1308 1267 1373 1600
1303 1306 1500 1375 Simeonem

365 1417 542 1503 Vratanja,
568 1416 770 1502 professione
794 1415 995 1479 monachum
1017 1414 1205 1497 Basilitam‚
1238 1438 1318 1479 cum
1344 1416 1500 1502 pluribus

365 1522 500 1587 familiis
536 1522 675 1587 Unionis
714 1521 923 1586 inducendae
963 1524 1070 1606 gratia
1107 1545 1172 1586 uon
1206 1522 1315 1586 solum
1351 1526 1501 1610 suscepit

366 1629 544 1710 benevole,
580 1629 637 1694 sed
677 1651 719 1693 ex
752 1628 997 1714 episcopalibus
1036 1629 1132 1693 bonis
1165 1630 1316 1694 Dominii
1355 1629 1499 1696 Ivauich

365 1735 544 1801 desolatam
571 1736 693 1821 injuria
715 1744 901 1820 temporum
925 1736 988 1800 sub
1004 1734 1098 1799 titulo
1124 1737 1259 1799 amasiam
1276 1736 1499 1821 Sanctonrm¹)

365 1843 557 1924 ecclesiam,
593 1844 626 1906 in
652 1853 762 1906 monte
788 1842 875 1905 dicto
900 1843 1043 1906 Marcsis
1068 1845 1181 1923 sitam,
1217 1866 1393 1909 unacum
1419 1847 1500 1932 ejua

366 1950 442 2015 dem
473 1950 726 2035 appertinentiis
757 1949 883 2013 excidit
916 1961 948 2013 et
971 1950 1110 2014 tradidit
1140 1951 1279 2036 visoque
1310 1952 1498 2037 supradicti

367 2056 532 2122 Simeonis
555 2055 735 2142 apostolico
760 2055 829 2120 zelo
855 2067 886 2119 et
903 2056 1043 2121 Unionis
1067 2078 1252 2142 progressu,
1278 2059 1499 2123 considerans

366 2165 466 2227 etiam
490 2163 697 2227 diversorum
722 2161 948 2247 conciliorum,
973 2165 1143 2245 signanter
1161 2161 1413 2248 Laterauensis,
1437 2177 1499 2229 sta·

365 2279 446 2350 tuta,
472 2272 506 2334 in
530 2292 594 2356 quo
620 2272 727 2354 capite
751 2271 791 2333 5⁰
814 2271 1017 2354 praecipitur
1033 2270 1226 2354 Episcopis:
1252 2280 1286 2332 at
1303 2293 1373 2355 pro
1398 2271 1498 2335 dicer·

365 2400 474 2442 saram
497 2375 676 2463 lippiturum
700 2377 951 2460 diversorumque
974 2377 1092 2439 rituam
1115 2386 1144 2439 et
1163 2399 1283 2439 moram
1301 2378 1443 2463 papalis
1466 2380 1498 2441 ia

365 2483 558 2547 dioecesibus
589 2485 729 2569 ipsoram
752 2483 958 2546 existentibus
980 2485 1065 2546 uiros
1098 2483 1177 2546 tales
1198 2483 1413 2568 provideant,
1447 2486 1499 2570 qui

365 2590 534 2655 secandam
565 2590 765 2653 diversitates
794 2590 911 2652 rit-uam
942 2600 971 2652 et
1002 2590 1182 2674 libycarum
1213 2590 1263 2674 (ia
1294 2612 1364 2652 aaa
1395 2602 1495 2654 tenua

359 2696 441 2782 fide)
466 2698 578 2761 diuina
601 2695 669 2760 illis
693 2696 801 2781 officia
824 2696 976 2760 celebrarat
1006 2707 1035 2758 et
1058 2694 1270 2759 eeclesiastico
1293 2707 1497 2762 sawameato

367 2805 560 2881 ministr-eat,
588 2803 773 2867 instruendo
798 2827 850 2865 cos
874 2803 965 2866 verbo
990 2804 1116 2887 pariter
1140 2813 1168 2864 et
1192 2801 1355 2887 exemplo,
1388 2805 1498 2867 corub-

367 2911 482 2974 taeado
513 2911 575 2974 sibi
597 2912 632 2972 iu
656 2910 835 2995 praedictis
860 2911 1028 2986 sicariam,
1061 2911 1115 2994 qai
1141 2910 1333 2994 peremnia
1359 2912 1404 2974 sit
1433 2909 1497 2974 cbe-

367 3017 458 3081 dieas
482 3028 511 3080 et
534 3015 691 3105 subjectas
708 3015 784 3078 talis
799 3016 974 3079 dioeceseos
988 3016 1187 3101 Episcopoi),
1212 3017 1362 3099 cogitare
1379 3018 1497 3102 coepit,

367 3125 425 3209 qui
450 3135 482 3187 et
506 3146 606 3208 supra
630 3123 761 3207 scriptis
786 3122 990 3186 satisfaceret
1014 3124 1136 3207 etjam
1154 3122 1265 3186 Unitis
1281 3125 1496 3207 prospiceret,

368 3241 404 3292 ut
436 3242 469 3293 et
500 3232 535 3293 in
570 3230 701 3294 Unione
735 3228 870 3292 stabiles
903 3241 1116 3314 perseverent
1153 3240 1185 3291 et
1218 3226 1351 3292 Christo
1387 3229 1497 3316 plures

366 3334 553 3421 lucrentur3
590 3359 759 3422 quumque
791 3337 984 3399 idoneorum
1017 3338 1241 3399 ministrorum
1266 3357 1369 3421 opera
1404 3338 1440 3401 id
1464 3358 1496 3400 se

368 3445 525 3529 consequi
556 3443 796 3522 consideraret,
832 3443 957 3506 dietum
983 3455 1127 3506 montem
1152 3442 1294 3506 Marcsia
1325 3465 1396 3507 una
1420 3465 1496 3507 cum

366 3549 515 3634 ejusdem
540 3552 792 3634 appertinentiis
823 3571 881 3635 pro
906 3549 1061 3631 erigendo
1087 3548 1299 3613 Basilitarum
1323 3553 1496 3615 unitorum

367 3657 577 3737 monasterio,
603 3656 709 3720 eidem
726 3656 871 3720 Simeoni
892 3657 964 3741 jam
989 3658 1081 3720 unito
1106 3656 1166 3720 sub
1192 3656 1396 3741 quibusdam
1423 3679 1496 3722 con·

368 3761 550 3826 ditionibus
574 3785 662 3826 anno
689 3764 783 3842 1612,
809 3764 891 3826 l'cria
914 3767 944 3826 3.
970 3775 1043 3848 post
1066 3764 1184 3826 festum
1210 3765 1314 3826 sancti
1330 3763 1496 3828 Matthaei

367 3867 559 3954 Apostoli³),
586 3869 724 3933 donavit
746 3880 778 3933 et
802 3870 949 3933 contulit.

456 3975 530 4055 Quo
563 3975 648 4039 facto
682 3975 775 4039 Pauli
802 3977 842 4040 V.
878 3977 1016 4039 [lomoni
1042 3976 1212 4040 Pontificio
1246 3975 1286 4039 de
1323 3976 1404 4040 dato
1440 3979 1493 4041 21.

365 4080 564 4146 Novembris
600 4084 680 4146 1611
717 4084 830 4166 Bulla,
869 4106 953 4170 quae
987 4085 1104 4168 incipit
1137 4085 1275 4146 Divinae
1307 4084 1496 4174 Majestatis

369 4219 574 4227 ———.-.--.

397 4277 419 4347 ¹)
438 4282 503 4328 Esse
528 4296 560 4328 ex
585 4281 685 4337 doctis,
714 4282 759 4343 qui
785 4282 811 4328 in
832 4280 908 4342 hujus
934 4280 1063 4328 ecclesiae
1090 4281 1167 4328 titulo
1194 4283 1309 4327 omnium
1331 4282 1494 4330 Sanctorum

437 4348 769 4418 (palaeo-slovenice:
788 4349 862 4402 mich
876 4353 1004 4415 sryatt'ch,
1025 4353 1167 4400 serbice:
1187 4351 1313 4415 sur'arctr)
1327 4354 1494 4403 notationem

436 4422 622 4486 appellationis
642 4424 809 4486 episcopatus
825 4426 1000 4470 Srailrrr'scnsis
1020 4424 1136 4471 invenire
1150 4423 1200 4470 sibi
1215 4424 1362 4480 videantur.
1383 4426 1494 4474 iuferius

436 4495 621 4542 annotabimus
641 4496 673 4542 ad
689 4496 849 4558 Episcopum
863 4494 955 4544 stanit
974 4495 1007 4542 de
1026 4497 1128 4556 origine
1148 4495 1220 4542 illius
1238 4494 1307 4543 tituli
1321 4496 1493 4546 scribentem.

396 4560 417 4621 ²)
439 4566 542 4613 Recole
562 4566 646 4628 ipsum
667 4581 794 4614 canonem
815 4568 932 4629 superius
953 4566 1096 4614 exhibitum
1116 4582 1160 4629 pp.
1180 4566 1331 4628 416-417.

397 4631 419 4702 Ι)
438 4638 474 4684 H.
495 4652 517 4685 e.
538 4647 579 4697 25.
600 4637 735 4699 Septemb.
