3725 5617
702 638 742 692 De
761 637 889 705 Bulgaris
909 637 938 692 iu
955 637 1155 692 Transilvania.
1421 633 1493 696 1063,

364 787 458 850 tione,
477 783 695 838 Thausilvauiam
714 797 818 848 quoque
837 781 1030 848 depopulante,
1058 795 1122 847 pars
1140 779 1168 832 iu
1186 776 1346 832 valachiam
1363 775 1476 831 Transal

365 876 461 944 pinam
479 873 561 936 abire,
580 889 643 940 pars
661 871 690 925 in
709 870 856 924 munitiora
875 870 945 935 loca,
964 870 1051 923 vitam
1069 885 1101 922 ac
1118 867 1244 922 fortunas
1261 867 1406 931 servaturi,
1426 867 1492 920 reci·

365 981 431 1034 pere
450 979 507 1018 sese
526 969 590 1018 suat
608 961 702 1016 eoacti.

440 1053 506 1118 Hac,
525 1051 690 1116 crediderim,
710 1056 873 1118 tempestate
892 1049 976 1104 Albae
996 1064 1100 1116 quoquc
1118 1049 1209 1102 Juliae
1226 1049 1407 1116 Bulgararnnr
1426 1061 1491 1098 nou·

367 1143 456 1197 nullos
483 1141 572 1195 sedem
600 1140 704 1194 fixism:
733 1140 810 1208 cujus
829 1140 869 1194 rei
896 1140 1063 1194 luculentum
1090 1144 1132 1192 est
1155 1139 1341 1196 testimonium
1370 1135 1490 1190 aedicula

365 1233 517 1286 etiamnum
543 1236 640 1284 extans
663 1246 722 1284 cum
746 1245 851 1283 annexa
875 1229 1076 1298 Religiosorum
1101 1228 1281 1296 Brrlgaronan
1306 1226 1330 1280 (l.
1356 1224 1491 1278 Francisci

365 1320 504 1387 Seraphici
530 1319 677 1381 domicilio,
707 1319 752 1372 ubi
777 1318 984 1387 Thaumaturga
1003 1315 1127 1385 Virginis
1153 1316 1285 1383 lleiparae
1309 1316 1383 1378 icon,
1412 1330 1491 1380 apuam

368 1409 560 1478 Cziproraczio
579 1409 688 1476 profugi
707 1408 886 1472 abstulerant,
905 1423 1001 1472 aureo,
1021 1417 1204 1476 argenteoque
1222 1405 1298 1458 diues
1317 1403 1492 1456 anathemate

365 1506 533 1562 asservatur,
553 1515 584 1552 ac
602 1515 706 1552 summa
724 1497 816 1565 populi
834 1497 932 1550 colitur
951 1497 1133 1550 venerat-ione.
1173 1535 1176 1540 .

440 1589 577 1643 Seditioae
603 1587 763 1654 composita,
789 1603 832 1640 an.
855 1585 918 1640 1711
942 1586 970 1638 in
988 1585 1135 1639 stationem
1159 1583 1282 1639 nonnulli
1308 1583 1493 1650 remigranmt

365 1695 459 1732 suam:
485 1678 586 1731 caeteri
606 1677 772 1742 Viucziurn¹)
798 1676 926 1743 temporis
945 1675 1116 1742 hostiumque
1135 1674 1242 1743 injuriis
1261 1673 1411 1742 expositum
1431 1687 1492 1724 can·

364 1767 437 1831 sati,
457 1766 606 1830 fibinium,
637 1783 668 1819 ac
686 1767 788 1820 Devam
808 1782 866 1821 sese
886 1766 1068 1819 coutuleumt.
1106 1765 1217 1832 Degunt
1236 1764 1264 1817 in
1283 1762 1325 1816 his
1343 1762 1492 1816 etiamnum

366 1856 433 1910 locis
452 1855 600 1920 numerosi;
620 1855 721 1910 eminet
739 1872 802 1909 vero
822 1871 866 1909 eos
885 1855 964 1908 hodic
976 1855 1154 1909 Bibicsiornm
1172 1869 1277 1917 nomen,
1297 1859 1328 1905 nt
1340 1849 1493 1905 nobilitatis

364 1944 569 2013 praerogatiua,
590 1951 617 1998 et
637 1945 730 2013 opibus
749 1945 789 1998 ita
802 1945 906 1998 virtute
927 1961 959 1998 ac
978 1943 1087 2011 profusa
1106 1943 1281 2012 qrrrrmprimis
1300 1941 1329 1994 iu
1348 1957 1390 1995 res
1403 1955 1492 1996 sacras

367 2033 568 2092 munificentia,
597 2033 624 2086 in
644 2048 743 2101 egenos
761 2032 929 2086 liberalitate
955 2032 1094 2098 inclytum.
1132 2032 1233 2099 Quibus
1259 2036 1354 2100 utpote
1372 2032 1492 2100 Religio·

366 2138 458 2176 sorum
487 2122 652 2186 fautoribus,
681 2122 794 2189 Bulgari
824 2123 964 2190 religionis
992 2122 1196 2188 integritatem,
1225 2123 1355 2176 Diuorum
1382 2123 1494 2178 delubra

364 2211 550 2280 splendorem,
578 2211 728 2265 calamitosi
748 2211 848 2272 vitam,
874 2227 905 2266 ac
924 2211 1062 2264 fortunam
1081 2211 1182 2265 referre
1200 2211 1301 2265 debent
1319 2212 1347 2266 iu
1366 2213 1491 2280 acceptis.

365 2301 420 2356 Sed
440 2301 583 2368 narrentis
609 2300 693 2354 totius
713 2299 806 2354 landes
829 2299 971 2368 prosapiae
990 2300 1070 2353 arrius
1089 2300 1305 2355 circumscribam
1328 2302 1493 2356 commenda·

368 2390 457 2454 tioue,
486 2390 632 2442 communis
651 2404 735 2456 eaque
761 2388 878 2442 maxima
897 2395 1063 2442 caeterorum
1089 2404 1149 2442 cum
1167 2388 1293 2444 Bibicsiis
1312 2390 1492 2458 Balgaroraur

365 2483 411 2532 est
429 2478 532 2546 gloria,
562 2486 604 2531 tot
623 2478 695 2531 inter
723 2479 849 2532 adversas
868 2478 941 2531 vices
961 2479 1054 2531 aritae
1073 2478 1213 2545 religionis
1241 2478 1493 2533 observantissimos

367 2567 502 2632 extitisse,
522 2582 570 2620 nee
589 2567 651 2621 ullis
671 2567 809 2634 impetitos
829 2567 1031 2621 calamitatibus
1050 2567 1084 2620 ad
1103 2567 1232 2621 falsarum
1251 2569 1405 2636 opinionum
1425 2586 1494 2623 ccm-

367 2663 461 2709 menta
485 2656 622 2713 defecisse.
660 2656 732 2710 llhul
758 2656 840 2710 etiam
867 2673 919 2710 non
946 2657 1104 2710 mediocrem
1135 2672 1227 2710 eoram
1255 2659 1494 2714 commendationis

366 2745 438 2799 facit
456 2746 641 2808 accessionem,
661 2746 730 2812 prrod
750 2745 874 2798 fortunus
893 2762 940 2799 seu
960 2761 977 2798 a
997 2745 1132 2812 frequenti
1146 2746 1353 2814 depopulatione
1368 2749 1493 2822 reliquas,

365 2851 415 2888 scu
435 2851 504 2888 noro
517 2836 613 2888 sudore
631 2835 805 2902 conquisitas,
825 2834 962 2902 erigendis
975 2835 1105 2888 Diuorum
1119 2834 1237 2900 aedibus,
1257 2838 1398 2890 coemendo
1412 2854 1494 2905 appa·

365 2923 442 2979 ratui
467 2941 557 2989 sacro,
586 2924 767 2978 sublevandae
791 2924 931 2993 egentium
958 2924 1079 2992 inopiae,
1108 2926 1289 2993 proximorum
1314 2927 1493 2980 emolumento

366 3013 540 3080 impendant:
570 3014 639 3081 quod
664 3020 697 3067 nt
716 3013 748 3066 ad
774 3013 893 3066 officium
913 3012 1022 3066 Christo
1041 3013 1244 3067 anathoratarum
1269 3015 1385 3068 maxime
1410 3015 1493 3083 perti

365 3118 432 3156 nere
456 3103 577 3170 videtum
607 3104 647 3156 ita
667 3103 810 3156 maximam
837 3117 942 3169 quoque
960 3102 1142 3170 Bulgararum
1166 3103 1268 3157 nomini
1293 3104 1420 3158 conciliat
1438 3105 1494 3159 exi·

366 3191 562 3247 stimatiunem.

440 3369 477 3422 Et
501 3370 556 3423 ista
584 3371 689 3436 quidem
715 3370 852 3424 sufficiant
879 3372 911 3424 ad
930 3371 1072 3424 historiam
1092 3372 1219 3426 ecclesiae
1237 3372 1378 3427 orientalis
1403 3372 1493 3426 catha·

365 3459 436 3511 licae
455 3459 483 3511 iu
503 3459 583 3512 terris
603 3459 722 3513 Coronae
748 3476 768 3515 s.
789 3460 919 3527 Stephani
939 3468 1076 3526 utcunque
1099 3461 1296 3522 illustrandam¹
1335 3462 1419 3516 Plura
1437 3463 1494 3528 ‹pri-

364 3548 427 3601 dem
456 3548 516 3601 adili
545 3555 654 3616 pauent
688 3550 721 3602 ad
749 3550 929 3603 conditionem
958 3566 1049 3603 eorum
1085 3550 1292 3605 christianornm
1320 3552 1494 3606 orientalium

364 3639 533 3704 spectantia,
563 3655 628 3704 quos
648 3655 663 3691 a
683 3639 759 3692 nabis
784 3647 922 3706 separatos
943 3639 1076 3706 dolemus;
1105 3655 1199 3694 verum
1225 3656 1256 3694 ea
1275 3641 1402 3695 amittere
1420 3641 1493 3709 cogi·

366 3741 441 3789 mur,
468 3728 544 3792 quia,
571 3733 602 3779 ut
621 3727 689 3780 alias
705 3728 762 3794 jam
782 3728 999 3781 animadversum
1018 3745 1035 3781 a
1053 3727 1130 3782 nobis
1150 3731 1230 3797 estll,
1256 3730 1341 3784 vincti
1362 3730 1493 3797 compede,

366 3830 418 3888 pra
437 3815 582 3868 institutae
601 3816 756 3883 scriptionis
776 3817 875 3881 limite,
894 3817 1058 3882 incedimus,
1077 3819 1241 3884 arctiorique
1260 3819 1352 3873 littore
1371 3820 1495 3886 prouehi·

366 3921 441 3969 mur,
467 3921 546 3971 qrraur
565 3911 610 3968 ut,
631 3921 700 3971 arrae
718 3906 832 3960 aliorum
852 3916 930 3971 snut,
958 3907 990 3959 ad
1010 3923 1058 3961 nos
1078 3907 1216 3961 attrahere
1234 3924 1398 3974 parvamque
1418 3909 1493 3963 navi·

366 3994 455 4048 culum
473 4002 593 4048 nostram
611 3994 707 4048 alicnis
717 3995 855 4060 mercibus,
875 3997 1050 4062 ‹prrantumris
1069 3996 1201 4064 pretiosis,
1221 4013 1333 4051 onerare
1353 3999 1493 4064 possimus.

366 4081 517 4148 Propterea
537 4084 636 4137 tertiae
662 4083 724 4137 huic
743 4084 821 4138 exilis
845 4085 1003 4139 Kalendarii
1024 4086 1108 4139 nostri
1128 4087 1200 4153 parti
1219 4086 1299 4140 finem
1324 4086 1493 4153 imponimus.

366 4170 467 4238 duplici
497 4176 605 4225 tantum
631 4173 766 4240 adscripta
795 4175 955 4241 appendice:
986 4175 1086 4234 altera,
1122 4189 1190 4241 quae
1217 4181 1320 4228 statum
1349 4176 1492 4230 rarrivcraae

366 4259 494 4314 ecclesiae
512 4261 653 4314 orientalis
673 4261 700 4315 in
720 4264 979 4332 Aristro-llungaria
998 4262 1150 4331 generatim
1171 4269 1370 4331 repraesentet;
1396 4264 1494 4329 altera,

368 4363 437 4414 quae
456 4350 556 4403 selecta
576 4351 706 4416 quaedum
722 4351 825 4418 judicia
843 4353 876 4405 ‹le
895 4353 980 4420 ipsius
1000 4352 1156 4407 lialeurlarii
1174 4367 1225 4406 nsn
1245 4353 1273 4406 in
1291 4353 1382 4408 studio
1401 4369 1495 4408 sacrae

368 4437 552 4506 heortologiae
572 4439 706 4496 exhibeat.
882 4431 886 4440 '

401 4599 420 4662 ¹)
440 4601 494 4650 Cfr.
514 4602 657 4665 Kolosy,
679 4604 857 4655 ..s'clmnathm.
876 4607 927 4664 cia,
948 4620 992 4668 pp.
1012 4605 1126 4667 ily—80.

399 4668 420 4736 ²)
442 4672 642 4722 Kalendarii
662 4683 680 4725 t.
702 4687 734 4733 2.,
754 4690 780 4738 p.
800 4687 843 4738 42.
