3725 5617
428 649 484 700 429
603 645 634 702 L.
653 647 705 702 Ill.
743 648 782 701 De
800 647 916 702 historia
934 647 1062 701 ecclesiae
1083 647 1260 700 Runienornm
1281 647 1384 702 unitae.

432 789 619 875 providere,
643 788 701 853 sed
726 800 758 853 et
781 790 924 853 eundem
950 789 1032 854 mihi
1057 789 1309 853 subordinatum
1327 791 1464 854 reddere
1490 791 1559 870 dig-

433 906 545 977 netur,
583 898 692 982 pronti
724 899 832 961 Dnus.
861 897 1016 960 Vicarius
1047 897 1258 982 Apostolieus
1291 897 1561 961 Munkaesiensis

436 1001 600 1087 Georgius
624 1003 792 1088 Bizancty
816 1003 903 1067 Dno.
927 1003 1035 1068 Illmo.
1059 1013 1092 1067 et
1115 1004 1209 1070 Rmo.
1232 1005 1386 1086 Agriensi
1411 1027 1471 1089 per
1493 1005 1559 1068 De-

434 1120 560 1174 cretum
577 1109 698 1175 Sacrae
716 1109 990 1194 Congregationis
1005 1109 1046 1174 dc
1057 1110 1277 1195 Propaganda
1290 1110 1372 1173 Fide
1389 1109 1562 1196 subjectns

433 1216 594 1283 redditur.

442 1386 445 1392 .
523 1322 634 1403 Quam
664 1323 876 1387 Eminentiae
908 1323 1047 1385 Vestrae
1084 1325 1224 1407 gratiam
1257 1325 1338 1387 meis
1372 1322 1415 1387 ad
1446 1325 1559 1387 Deum

433 1429 613 1495 fundendis
637 1428 801 1516 precibus,
830 1451 956 1492 sacram
983 1428 1204 1493 deosculando
1229 1430 1426 1515 Purpuram,
1451 1429 1562 1494 deme·

433 1538 498 1601 reri
523 1559 590 1602 non
615 1538 830 1601 intermittam
855 1534 1080 1620 permanendo

521 1660 673 1725 Viennae
697 1660 750 1725 die
776 1661 806 1725 8.
831 1659 986 1725 Octobris
1012 1660 1098 1724 1718

644 1784 804 1870 Ejusdem
830 1785 1041 1848 Eminentiae
1067 1785 1204 1848 Vestrae

930 1908 1135 1972 humillimus
1160 1920 1192 1972 et
1216 1910 1451 1974 devotissimus

969 2023 1163 2110 Georgius
1188 2024 1411 2104 bldrtonffi,

452 2140 508 2224 (A.
526 2141 563 2206 E.
579 2139 649 2224 Tr.)
990 2141 1115 2227 Eppus.
1133 2141 1395 2206 Transilvaniae.

979 2374 996 2425 2

449 2475 493 2528 fle
512 2475 785 2530 difficultatibus
805 2477 1076 2532 confirmationis
1100 2479 1175 2531 nori
1196 2480 1340 2546 episcopi
1361 2496 1377 2531 a
1398 2478 1540 2532 llataria

448 2565 592 2618 Romana
621 2581 657 2619 ex
686 2567 814 2634 Regula
839 2568 1072 2622 Catticellariae
1098 2569 1245 2622 secunda
1275 2569 1396 2636 petitis
1421 2575 1540 2621 eontra

590 2655 815 2708 universalem
836 2663 1051 2722 patronatum
1071 2657 1162 2725 regis
1182 2657 1386 2724 Hungariae.

502 2796 757 2850 Animadversio
777 2796 1036 2864 praeliminaris.
1074 2798 1189 2851 Dataria
1209 2798 1329 2851 lfomana
1352 2799 1487 2866 pretiosis·
1507 2797 1557 2850 tri·

429 2883 571 2938 bnnalilma
590 2895 755 2942 accensetur.
775 2885 844 2951 quod
864 2886 995 2952 plurimae
1014 2887 1123 2954 gratiae
1142 2887 1247 2953 al‘apa
1266 2886 1373 2939 concedi
1392 2886 1490 2939 solitae
1508 2901 1558 2952 per

430 2971 480 3027 boe
497 2989 629 3042 organum
649 2976 837 3042 expediantur.
870 2976 937 3040 Ejus
951 2991 1054 3030 munna.
1075 2976 1147 3028 iuter
1166 2975 1221 3028 alia
1239 2976 1350 3043 negotia
1365 2975 1555 3032 ecclesiastiea,

430 3072 556 3116 versatur
579 3064 650 3116 circa
678 3065 835 3118 collationes
861 3064 1049 3118 beneficiorum
1075 3067 1288 3126 reservatiram,
1316 3065 1464 3130 aijusmodi
1491 3075 1555 3117 strat

428 3152 556 3207 ecclesiae
582 3153 750 3206 cathedrales
776 3170 809 3206 ex
830 3154 936 3222 Regula
956 3154 1139 3207 (farmollariae
1167 3155 1291 3206 secunda
1330 3153 1485 3208 liitararnm
1510 3170 1555 3206 er·

430 3242 518 3309 empla
536 3242 651 3310 primum
672 3243 796 3310 registris
816 3243 957 3310 papalibus
978 3243 1135 3302 inserenda,
1155 3243 1250 3296 ‹leinde
1270 3243 1335 3296 foris
1355 3243 1489 3296 mittenda
1509 3259 1557 3310 per

430 3334 474 3383 tot
493 3329 649 3385 officialium
670 3339 697 3386 et
717 3331 866 3385 renisurum
886 3331 912 3385 iu
931 3332 992 3398 jure
1018 3339 1046 3384 at
1064 3332 1225 3385 nouiinatim
1245 3332 1271 3384 in
1291 3332 1406 3398 propriis
1425 3333 1482 3384 suia
1501 3349 1556 3383 ma-

428 3419 505 3472 teriia
524 3420 746 3487 peritissimorum
768 3427 925 3478 transeunt.
954 3421 1129 3488 corriguntur
1148 3437 1178 3472 at·
1199 3419 1394 3478 refonnuutnr.
1420 3420 1451 3473 nl
1472 3420 1554 3474 sentcl

428 3507 504 3561 edita
523 3507 589 3560 nihil
609 3509 746 3562 continere
765 3525 842 3576 posse
861 3510 1020 3572 credantur,
1041 3509 1110 3575 qnod
1128 3510 1182 3576 jari
1203 3510 1374 3570 adversetur,
1400 3510 1470 3563 etsi
1490 3510 1556 3575 quid

432 3598 486 3652 tale
504 3597 642 3650 continere
662 3598 910 3665 deprehemluntnr‚
931 3599 1005 3666 Papa
1025 3599 1202 3666 implicitam
1222 3615 1253 3652 eo
1268 3599 1323 3666 juri
1344 3600 1475 3667 derogare
1494 3615 1555 3652 reti·

428 3687 553 3754 aeatnr¹).
592 3685 654 3740 Jarn
681 3702 743 3740 vero
768 3688 795 3740 in
822 3687 950 3756 ejusmuli
978 3689 1103 3755 repetitis
1129 3687 1307 3741 revisionibua
1333 3696 1360 3741 et
1384 3687 1556 3742 exatninilma

426 3774 634 3843 supplicationis
653 3775 741 3828 Caroli
762 3776 808 3828 Vl.
828 3787 929 3830 ructum
955 3777 981 3831 iu
1002 3777 1115 3831 llataria
1134 3787 1176 3832 eat
1194 3778 1304 3831 ‹lubimn
1323 3779 1356 3830 «lo
1375 3777 1556 3844 amplitudine

427 3871 587 3932 patronatus
608 3864 680 3932 regis
694 3864 853 3930 llnngariae
866 3867 936 3918 eirea
950 3865 1079 3920 beneficia
1092 3867 1282 3930 ecclesiastica,
1301 3866 1372 3918 sitne
1386 3866 1555 3928 reatrinrpn·

426 3953 476 4006 dns
501 3952 535 4005 ad
561 3952 690 4005 beneficia
718 3953 775 4022 jam
800 3953 929 4016 fundata,
958 3970 993 4006 an
1025 3971 1089 4008 vero
1114 3956 1196 4008 etiam
1222 3956 1405 4008 extendendus
1437 3954 1471 4006 ad
1499 3955 1556 4006 alia

428 4041 594 4109 inposterum
614 4043 760 4110 erigenda.
786 4049 867 4107 atque
886 4042 926 4096 ita
946 4043 1131 4109 accipiendus,
1157 4052 1187 4096 nt
1208 4059 1253 4096 rer
1273 4059 1325 4096 non
1344 4044 1429 4096 solum
1455 4043 1555 4095 balneat

426 4129 474 4197 jus
494 4131 685 4197 praemutandi
705 4137 732 4184 et
752 4131 922 4195 nominandi,
947 4133 994 4186 sed
1013 4132 1103 4199 potina
1119 4132 1181 4198 jure
1200 4133 1327 4199 peculiari
1347 4132 1431 4198 possit
1451 4132 1555 4198 eligere

426 4220 561 4286 praelatos
580 4225 609 4273 ot
627 4219 756 4273 beneficia
769 4220 952 4274 ecclesiastica
965 4221 1130 4286 conferreb‘?
1163 4221 1228 4274 llam
1245 4221 1429 4286 ‹praestionem
1444 4221 1554 4286 respit-it

426 4307 540 4376 epistola
559 4307 712 4363 Cardinalis
731 4324 747 4361 a
766 4309 978 4364 Schrattenltaclt
995 4311 1051 4376 Jam
1071 4311 1200 4364 sistenda.

432 4432 495 4444 5——

459 4505 479 4574 ¹)
499 4507 554 4560 Cfr.
573 4507 664 4556 Card.
689 4509 732 4556 De
754 4509 851 4562 Luca.
875 4510 975 4556 Relatio
996 4511 1132 4556 Ii'urnanur
1152 4509 1264 4558 (furare.
1284 4507 1394 4556 tlisrnra.
1415 4523 1443 4560 u.
1465 4523 1488 4555 n.
1510 4519 1554 4566 30.

457 4575 554 4646 *)ctr.
577 4579 709 4642 l'tiautdny
735 4579 804 4642 apud
827 4581 972 4642 Peterfy.
1003 4579 1078 4628 t'nnc.
1100 4581 1192 4640 flung.
1219 4589 1285 4642 part.
1311 4591 1346 4636 t.,
1374 4593 1417 4642 pp.
1439 4585 1553 4641 Jb-Jtl.

497 4659 522 4699 et
543 4659 664 4699 auctores
683 4651 801 4714 superius
819 4650 873 4712 jam
894 4651 1024 4698 adductos
1043 4667 1088 4714 pp.
1108 4661 1258 4714 ,μς-415.
