3725 5617
694 1503 878 1607 Caput
908 1504 1034 1606 lllll.

512 1698 545 1770 lo
567 1699 722 1790 episcopatu
744 1697 859 1771 lamis
882 1698 954 1772 toto
977 1697 1055 1788 (1283
1070 1737 1106 1747 —
1120 1696 1210 1786 lato).

370 1896 528 1950 Extinctam
546 1895 710 1950 Societatem
728 1895 794 1949 Jcsu
813 1901 919 1949 statuto
938 1894 1026 1949 veluti
1044 1900 1217 1949 monumento
1235 1894 1425 1960 honoraturus,

294 1985 445 2052 Episcopus
471 1985 571 2055 Bobu¹)
597 1984 744 2053 magistros
772 2000 805 2039 ex
830 1984 922 2039 eadem
949 2000 1053 2050 omues,
1081 2000 1146 2051 quos
1171 1984 1293 2053 insigues
1317 1984 1425 2039 omuino

293 2074 465 2142 Claudiopoli
484 2074 576 2128 fuerat
594 2080 699 2135 nactus,
718 2090 735 2127 a
753 2073 924 2141 posteritatis
943 2073 1078 2128 oblivione
1095 2072 1254 2139 vindicavit,
1273 2072 1425 2127 nominibus

293 2179 389 2218 eorum
399 2163 714 2231 autobiogrophiaesuue
724 2163 873 2231 diligenter
883 2162 1002 2224 insertis,
1015 2162 1208 2231 cujusinitium
1214 2161 1425 2231 estthnsmodi.

844 2410 852 2426 .
878 2358 906 2426 1.

584 2493 623 2554 hx
643 2359 881 2567 rutebleueplir
899 2492 1034 2567 misor!
1053 2492 1139 2554 Boiu.

391 2636 462 2719 Ego
477 2636 625 2701 loannes
642 2634 738 2700 Babb
761 2646 859 2699 natus
875 2637 910 2699 in
925 2634 1086 2719 Ormauy‚
1109 2636 1267 2699 comitatu
1282 2634 1428 2701 Szolnok

300 2744 467 2824 interiori,
500 2766 517 2804 o
541 2741 735 2827 parentibus
760 2741 932 2806 catholicis
956 2741 1125 2806 nobilibus
1153 2751 1266 2827 utpote
1290 2741 1427 2807 Andrea

301 2849 396 2913 Babh
415 2851 455 2913 de
472 2850 557 2935 Kop.
575 2849 752 2927 Monostor,
771 2848 940 2913 districtus
957 2851 1089 2933 Κόνὲτ,
1105 2860 1138 2912 et
1154 2861 1257 2913 matre
1274 2847 1428 2913 Candida

300 2956 468 3037 Timaudi‚
494 2956 562 3020 filia
586 2955 707 3020 nobilis
731 2955 892 3041 Stephani
912 2955 1080 3037 Timaudi,
1106 2955 1273 3042 quondam
1299 2955 1426 3020 Vlcarii

298 3063 591 3127 Transmarusiaui
616 3073 648 3127 et
672 3064 790 3127 notarii
807 3062 979 3148 apostolici
1000 3064 1034 3127 in
1051 3061 1226 3142 Alco-Suk,
1251 3063 1427 3126 comitatus

300 3169 413 3253 Kolos,
438 3170 629 3235 habitantis.
677 3170 717 3234 In
741 3170 848 3234 lucem
873 3170 982 3234 editus
1005 3193 1092 3234 anno
1117 3170 1212 3251 1739,
1237 3168 1426 3255 baptizatus

302 3288 335 3338 ct
359 3278 571 3341 confirmatus
595 3301 615 3341 a
638 3276 733 3341 locali
760 3277 903 3361 parocho
922 3278 1135 3342 Ormhniensi
1160 3276 1252 3362 Popa
1266 3275 1425 3362 Gligorie,

299 3382 433 3448 levante
466 3367 568 3447 uobili
603 3383 740 3447 Nicolao
774 3384 907 3448 Florian
947 3384 1016 3470 ”225
1053 3387 1127 3467 (sic)
1156 3384 1241 3448 Nov.
1276 3383 1425 3470 ejusdem

300 3492 390 3556 anui.
439 3488 609 3554 Elius-atus
634 3493 765 3554 circiter
788 3514 847 3576 per
871 3504 995 3576 septem
1019 3513 1123 3556 anuos
1147 3492 1180 3555 in
1198 3490 1313 3555 eodem
1329 3513 1426 3577 pago,

301 3597 509 3681 frequentavi
542 3596 671 3661 scholas
702 3596 851 3660 triuiales
886 3598 975 3683 apud
1007 3598 1126 3683 ejatem
1158 3595 1425 3682 ludimagistrum

301 3703 530 3784 reformatum,
566 3704 641 3767 dein
677 3706 711 3766 in
735 3704 941 3768 Dees·akuu
966 3706 1088 3789 pariter
1117 3703 1207 3788 apud
1231 3706 1427 3787 magistrum

300 3809 515 3872 reformatum
549 3810 605 3873 sed
631 3812 752 3894 exigno
778 3822 935 3895 tempore.
983 3812 1072 3874 Dein
1097 3809 1268 3874 obtinente
1292 3812 1427 3875 natione

300 3918 469 3980 armenica
487 3917 679 3982 Domiuiuur
697 3916 955 4003 Szamos-ujmhr,
974 3919 1008 3982 in
1025 3917 1120 4003 cujus
1135 3917 1285 3980 Domiuii
1300 3919 1426 4001 gremio

301 4034 351 4084 est
380 4024 450 4107 ipsc
484 4025 583 4087 ctiam
615 4046 719 4108 pagus
744 4023 913 4108 Ormany,
951 4035 983 4087 et
1013 4023 1159 4087 reluente
1190 4025 1427 4087 communitate

303 4127 389 4192 bono
414 4141 524 4193 nostra
543 4132 620 4215 juro
645 4132 842 4216 inscriptitio
867 4152 1026 4215 possessa,
1052 4141 1258 4194 recesserunt
1273 4142 1426 4215 parentes

299 4236 344 4298 ad
368 4258 490 4321 pagum
515 4234 626 4320 Gyula
652 4239 684 4301 iu
711 4236 877 4301 Comitatu
894 4237 1048 4318 Doboka,
1073 4252 1105 4300 et
1128 4235 1304 4300 aedificata
1328 4237 1426 4300 domo

302 4343 335 4405 in
361 4341 464 4405 fundo
489 4352 639 4428 coempto
665 4344 892 4407 habitavimus
910 4343 1044 4407 ibidem.
1087 4344 1151 4408 Hic
1169 4346 1293 4430 pariter
1311 4346 1428 4407 urisaus

335 4565 356 4630 ')
375 4566 505 4613 Scribitur
523 4568 601 4615 etiam
623 4568 718 4616 Bobbn
737 4577 771 4626 et,
791 4569 817 4617 in
838 4568 927 4617 latinis
947 4569 1121 4625 documentis,
1142 4569 1226 4618 Babb.

337 4672 461 4732 narres,
482 4674 633 4736 symeone.
1231 4658 1265 4709 4²
