3725 5617
665 660 773 716 θύσατε
787 660 892 729 judicia
909 662 943 717 de
960 677 1013 717 usu
1030 660 1201 720 Kalendarii.
1428 661 1498 717 1083

368 800 481 873 πόνημα
505 801 630 874 διῄρηται
651 807 689 863 είς
706 801 760 857 δύο
785 801 871 872 τεύχη
890 802 1012 873 ὀγκῶδη,
1040 803 1294 876 περιλαμβάνοντα,
1323 805 1355 857 τό
1374 803 1427 875 μὲν
1451 804 1500 864 τάς

366 890 560 957 άκινήτους,
590 893 621 944 τό
647 892 677 945 δέ
696 893 741 952 τάς
761 892 900 958 κινητάς
917 897 964 959 τῆς
981 894 1104 947 καθόλου
1122 893 1276 960 Ἐκκλησίας
1303 898 1352 946 τοῦ
1373 896 1499 963 Χριστοῦ

365 980 470 1051 ἑορτάς.
512 987 569 1034 Τοῦ
594 982 676 1052 ἔργου
696 982 782 1036 αύτού
807 982 823 1034 ὀ
843 982 935 1042 δεινός
959 981 1138 1051 άσιατολόγος
1162 985 1206 1035 καλ
1225 983 1405 1053 πολυγράφος
1429 997 1499 1052 συγ-

367 1071 492 1140 γραφεύς
512 1072 609 1138 Νίλλης
631 1071 775 1137 ἐπελάβετο
793 1071 854 1141 μετ’
873 1072 996 1138 άληθούς
1014 1072 1222 1141 ἐνθουσιασμοῦ
1246 1071 1314 1143 ύπλρ
1332 1072 1499 1144 ἀμφοτέρων

368 1163 423 1211 τῶν
450 1160 580 1228 μεγάλων
604 1160 780 1227 Ἕκκλησιῶν,
810 1160 906 1214 διττόν
931 1164 1103 1232 προθέμενος
1130 1161 1250 1224 σκοπόν,
1277 1161 1361 1215 ἔνθεν
1384 1161 1437 1230 μέν
1462 1160 1498 1215 νά

367 1248 532 1321 ἀποκαλύψῃ
557 1254 614 1308 τοῖς
632 1249 699 1302 κατά
726 1250 774 1317 την
794 1249 885 1303 Λύσιν
908 1252 1013 1318 λογίοις
1039 1251 1085 1309 τάς
1102 1250 1235 1309 καλλονάς
1259 1254 1309 1304 τοῦ
1334 1250 1499 1303 άνατολικοῦ

369 1341 424 1388 τῶι·
448 1337 549 1407 έορτῶν
567 1338 681 1402 κύκλου,
710 1340 794 1393 ἔνθεν
819 1339 849 1392 δὲ
868 1339 902 1391 νά
922 1338 1076 1411 έρμηνεύση
1100 1342 1145 1390 καλ
1164 1343 1222 1399 τοῖς
1238 1339 1425 1398 Ἀνατολίταις
1450 1338 1499 1391 τόν

367 1426 398 1478 έν
417 1430 448 1498 τῇ
468 1427 553 1480 Δύσει
573 1431 776 1497 νενομισμένον
794 1428 1015 1494 ἐκκλησιαστικὸν
1034 1427 1168 1481 ἐνιαυτόν.

441 1538 571 1603 Πέρυσιν,
590 1534 649 1603 ἅμα
668 1536 808 1604 προῆλθεν
827 1539 936 1605 ελςφῶς
954 1535 985 1587 τό
1005 1540 1137 1605 πρῶτον
1155 1539 1261 1603 τεῦχος,
1280 1537 1325 1586 καλ
1337 1534 1498 1601 ίξηντλὴθη,

368 1620 404 1680 ῶς
422 1622 535 1686 ἐπαξίως
552 1623 697 1677 έπαινεθλν
715 1623 771 1677 ύπό
790 1627 870 1678 πέντε
888 1627 934 1676 καλ
953 1628 1038 1678 είκοσι
1058 1625 1242 1695 φιλολογικιῦν
1261 1643 1289 1678 τε
1307 1627 1352 1677 καλ
1368 1627 1496 1693 θεολογι-

366 1715 424 1764 κῶν
449 1712 677 1782 συγγραμμάτων
705 1713 869 1783 περιοδικῶν
887 1713 1027 1783 Ἆγγλίας,
1058 1715 1184 1776 Γαλλίας,
1213 1715 1348 1782 Βελγίου,
1375 1713 1497 1776 Ἰταλίας,

367 1800 506 1860 Ἱσπανίας
523 1806 568 1853 καλ
586 1802 857 1874 Αόστροουγγαρίας
884 1802 967 1862 αῦθις
985 1803 1015 1856 δὲ
1032 1805 1124 1872 μέλλει
1143 1803 1211 1856 ὅσον
1229 1805 1306 1856 ούπω
1325 1803 1359 1856 νά
1378 1803 1498 1873 ἐπεξειρ-

367 1894 510 1959 γασμένον
527 1893 572 1941 καλ
591 1895 629 1949 είς
647 1890 680 1942 τό
699 1891 766 1943 κατά
785 1891 910 1962 δύναμιν
929 1889 1098 1961 τελειότερον
1115 1891 1348 1962 άπηκριβωμίνον.

444 1988 482 2040 Τό
501 1989 600 2059 α’ρτίως
618 1989 647 2040 έν
666 1989 788 2058 σχήματι
807 1988 931 2058 μεγάλου
957 1988 1061 2057 ὀγδόου
1081 1988 1194 2042 ἐκδοθὲν
1217 1988 1380 2058 δεύτερον
1399 1993 1498 2056 τεῦχος

367 2075 509 2143 σύγκειται
528 2078 555 2141 ἐξ
572 2076 626 2132 816
644 2076 777 2140 σελίδων,
805 2077 876 2141 πλὴν
894 2082 949 2130 τῶν
967 2078 1003 2132 38
1021 2077 1167 2147 διαφόρων
1187 2081 1412 2149 Προλεγομένων·
1437 2078 1498 2150 διῄ-

368 2184 447 2234 ρηται
465 2166 494 2218 δέ
514 2170 551 2225 είς
571 2171 634 2235 τρία
652 2166 761 2235 μεγάλα
778 2166 924 2237 κεφάλαια·
945 2166 981 2236 α’)
1002 2167 1032 2220 τό
1056 2166 1238 2238 Τριηῖδιον.
1258 2169 1329 2237 μετά
1350 2173 1403 2220 τῶν
1422 2188 1498 2233 κινη-

368 2259 423 2307 τῶν
442 2255 542 2325 ἑορτῶν
562 2260 616 2308 τῶν
636 2256 689 2326 πρό
710 2259 760 2307 τοῦ
779 2255 893 2324 Πάσχα·
916 2255 954 2327 β’)
973 2255 1005 2308 τό
1026 2256 1335 2326 ΙΙεντηκοστάριον,
1353 2256 1423 2326 μετά
1445 2262 1499 2309 τῶν

366 2348 484 2409 κινητῶν
508 2344 609 2414 ἑορτῶν
634 2350 688 2397 τῶν
712 2345 783 2413 μετά
809 2346 838 2396 τό
867 2345 980 2413 Πάσχα·
1011 2344 1048 2414 γ’)
1066 2345 1117 2411 τη“ν
1142 2346 1400 2416 Παρακλητικὴν
1425 2347 1498 2411 ἤτοι

367 2432 520 2501 μεγάλην
538 2432 722 2501 ὀκτῶηχον,
747 2434 819 2502 μετά
846 2438 900 2486 τῶν
919 2433 992 2504 παρά
1012 2438 1146 2493 Λατίνοις
1171 2438 1288 2500 κινητῶν
1308 2434 1408 2504 ἑορτῶν
1425 2435 1496 2503 μετά

371 2520 420 2584 τήν
440 2522 643 2587 ΙΙεντηκοστην,
672 2521 726 2573 άπό
746 2522 835 2591 μηνός
860 2524 967 2575 λουλίου
992 2523 1060 2592 ἄχρι
1088 2523 1260 2592 δεκεμβρίου.
1298 2523 1498 2593 Ἐγκατεσπαρ-

368 2614 449 2679 μένοι
474 2611 615 2678 πολλαχοῦ
640 2610 801 2680 ύπάρχουσι
826 2615 995 2682 χαρακτῆρες
1022 2611 1157 2665 πλειόνων
1182 2617 1333 2682 σημιτικῶν
1358 2615 1496 2681 γλωσσῶν,

366 2699 435 2749 κατά
460 2700 507 2758 τάς
525 2699 679 2768 διαφόρους
697 2701 835 2770 λατρείας,
864 2703 910 2751 καλ
927 2701 1010 2753 καλαί
1027 2720 1098 2761 τινες
1117 2700 1219 2760 εἰκόνες
1243 2705 1295 2754 τῶν
1314 2702 1497 2773 κυριωνύμων

366 2787 467 2857 ἑορτῶν
491 2788 519 2840 έκ
544 2788 689 2859 διαφόρων
717 2790 841 2843 κωδίκων
873 2794 922 2843 τοῦ
946 2794 1108 2859 μεσαιώνυς.
1155 2794 1228 2842 ίίυῖσι
1257 2790 1364 2848 τούτοις
1389 2795 1497 2859 πρῶτον

365 2876 496 2946 ἐφόλκιον
520 2877 612 2931 ἕπεται
632 2880 736 2937 έκτενίς
755 2879 935 2948 παράρτημα.
965 2879 1118 2948 έρμηνεῦον
1138 2879 1187 2932 τόν
1205 2878 1425 2944 έκκλησιαστικάν
1443 2880 1498 2931 ἐνι-

366 2965 453 3019 ιιυτόν
472 2964 642 3036 Ἀρμενίων,
664 2973 793 3030 Κοπτῶν,
813 2967 913 3038 Σύρων
931 2972 976 3020 καλ
997 2969 1159 3029 Χαλδαίων,
1179 2967 1217 3019 δι’
1236 2959 1270 3020 ού
1289 2970 1497 3038 συμπληροῦιαι

365 3057 419 3124 μέν
438 3056 469 3108 τό
489 3056 617 3126 σύστημα
637 3061 687 3108 τοῦ
705 3057 828 3109 καθόλου
847 3058 1067 3122 ίκκλησιαστικού
1085 3058 1224 3122 ἐνιαυτοῦ,
1253 3057 1398 3121 άποβαίνει
1417 3058 1446 3109 δὲ
1467 3057 1497 3108 τό

365 3145 498 3214 δεύτερον
516 3150 617 3213 τεῦχος
636 3146 733 3215 άρτιόν
752 3166 776 3198 τι
796 3146 859 3198 καθ’
880 3146 967 3213 ἑαυτῷ
985 3145 1097 3215 πόνημα
1122 3150 1166 3197 καλ
1186 3146 1330 3204 αὐτοτελές.
1369 3145 1498 3198 Ἔπισυν-

369 3236 500 3306 ιζφθησαν
518 3235 635 3287 κατόπιν
656 3236 793 3306 διατριβαὶ
821 3236 864 3287 έπλ
882 3239 933 3288 τοῦ
956 3234 985 3287 έν
1007 3239 1135 3306 Βηρυττῷ
1153 3239 1199 3300 τῆς
1216 3238 1320 3304 Συρίας
1338 3235 1500 3304 ἱδρυθέντος

367 3325 518 3376 καθολικοῦ
539 3330 768 3394 Πανεπιστημίου
790 3328 835 3376 καλ
854 3328 908 3377 τῶν
927 3325 1017 3377 ἄλλων
1035 3324 1102 3375 κατά
1123 3323 1171 3387 τήν
1189 3323 1336 3388 Ἀνατολην
1355 3323 1498 3375 έκπαιδευ-

367 3418 468 3484 τηρίων
488 3418 542 3465 τῶν
561 3413 722 3478 Ἰησουϊτῶν·
741 3414 812 3483 μετά
831 3414 879 3472 τάς
897 3413 1039 3482 διατριβάς
1057 3414 1167 3481 ε’ρχετιιι
1188 3411 1202 3476 ι]
1221 3414 1282 3480 περὶ
1297 3413 1435 3482 Κυρίλλου
1454 3414 1498 3462 καλ

369 3502 518 3555 Μεθοδίου
538 3502 692 3570 Ἐγκύκλι-ος
711 3506 761 3554 τοῦ
780 3502 865 3554 Πάπα
884 3506 1005 3560 Λέοντος
1025 3501 1069 3553 [Γ
1093 3503 1138 3552 καλ
1155 3504 1260 3569 βραχέα
1285 3499 1346 3551 τινά
1373 3505 1434 3570 περὶ
1454 3505 1500 3565 τῆς

369 3592 499 3644 ἐντεῦθεν
518 3591 696 3661 προκυιγάσης
714 3591 886 3660 άντιλογίας,
912 3592 1069 3643 τελευταῖον
1087 3589 1116 3641 δὲ
1136 3587 1372 3658 περιεκτικιότατος
1390 3589 1417 3653 ἐξ
1435 3589 1496 3641 ἑκα-

370 3681 420 3733 τόν
451 3682 496 3731 καλ
529 3681 650 3732 ἐπέκεινα
679 3681 795 3733 σελίδων
822 3685 905 3744 πίναξ
938 3678 1101 3737 συνυπτικός
1133 3676 1318 3748 πραγμάτων,
1351 3677 1499 3747 ὀνομάτων

368 3773 479 3838 κυρίων.
499 3772 607 3838 χωρῶν,
627 3769 741 3829 πόλεων,
761 3769 985 3834 ίκκλησιαστικῶν
1003 3770 1047 3818 καλ
1066 3768 1259 3835 λειτουργικῶν
1277 3764 1359 3835 ὅρων.
1386 3768 1426 3823 κλ.

446 3868 504 3918 Τόν
523 3870 625 3918 πίνιικα
638 3871 736 3919 τοῦτον
754 3866 833 3935 άρκεῖ
852 3866 885 3918 νά
899 3865 1024 3937 διεξέλθη
1035 3864 1096 3934 μετ’
1109 3865 1266 3923 ἐπιστασίας
1284 3863 1497 3933 ὀάναγνώστης,

365 3955 439 4015 ὅπως
465 3955 578 4026 συνειδῇ
604 3955 654 4021 την
678 3954 821 4023 τεράστιον
840 3954 1049 4024 πολυμάθειαν,
1078 3952 1171 4024 είκάση
1199 3953 1261 4012 τοῦς
1284 3952 1422 4024 άτρύτουσ
1447 3953 1498 4006 πό-

368 4063 447 4106 νους,
476 4044 524 4102 τάς
554 4042 660 4114 μακράς
690 4043 783 4102 ὀδείας
813 4046 857 4094 καλ
883 4042 1055 4114 περιηγήσεις
1082 4046 1132 4094 τοῦ
1159 4042 1306 4111 άξιοτίμου
1331 4048 1498 4111 καθηγητοῦ,

367 4137 412 4186 καλ
440 4138 555 4205 πεισθῇ,
586 4132 628 4184 ὅτι
657 4132 687 4184 τό
717 4134 839 4184 νιλλαῖον
858 4132 1050 4201 Ἐορτολόγιον
1078 4130 1147 4184 εἶναι
1175 4132 1242 4199 οῦχλ
1270 4131 1342 4196 άπλῆ
1369 4118 1497 4198 άντιβολη

367 4228 422 4275 τῶν
445 4222 512 4273 κατά
540 4222 586 4280 τάς
614 4221 814 4290 πολυωνύμους
837 4223 1029 4289 χριστιιινικάς
1047 4220 1201 4286 Ἐκκλησίιις
1219 4220 1333 4289 ἑορτῶν,
1354 4221 1410 4272 άλλ’
1437 4221 1498 4290 άρι-

367 4309 529 4380 στούργημα
558 4311 743 4379 ἑορτολογικης
770 4314 814 4361 καλ
846 4312 1032 4380 λειτουργικιζς
1058 4308 1220 4378 ἐπιστήμης.
1248 4309 1359 4379 άκριβης
1382 4312 1499 4379 φιλοσο-

367 4400 434 4470 φικη
460 4399 616 4469 περιγραφή
641 4403 695 4451 τῶν
714 4417 741 4451 τε
762 4397 906 4463 ίδιοτὴτων
930 4402 974 4450 καλ
994 4403 1048 4451 τῶν
1067 4398 1248 4468 πιιριιλλαγῶν
1274 4401 1319 4464 τῆς
1343 4398 1499 4466 έκασταχυῦ

367 4491 539 4558 λειτουργίας
561 4491 609 4538 καί
626 4506 666 4546 τις
684 4491 843 4557 Συμφωνία
864 4487 1094 4553 „Concordantia“
1116 4492 1170 4539 τῶν
1189 4486 1369 4538 ’.ίνιιτολικῶν
1388 4488 1498 4538 Καλαν-

368 4579 487 4647 δαρίων,
522 4577 598 4636 ίδίως
630 4576 659 4628 δέ
695 4581 744 4629 τοῦ
768 4576 938 4641 Ἑλληνικοῦ,
973 4577 1041 4647 πρός
1074 4576 1105 4628 τό
1134 4574 1383 4646 Ῥωμανοδυιικόν.
1415 4574 1499 4626 Ἕκα-

361 4681 431 4719 στον
452 4665 616 4735 κεφάλαιον,
636 4665 749 4732 ἑκάστην
769 4667 871 4728 σελίδα,
893 4666 1007 4720 ἵκαστον
1026 4670 1195 4736 πρωτοφανῆ
1213 4665 1280 4735 ὅρον
1298 4664 1499 4735 ἑρμηνεύουσιν
