3725 5617
458 2013 707 2080 commendatos
731 2024 806 2079 eta
830 2016 954 2079 sanctis
969 2012 1125 2079 Patribus
1148 2037 1213 2079 non
1239 2014 1398 2079 mediocri
1423 2026 1586 2101 exparte

456 2122 637 2209 profectos3
673 2123 754 2207 quin
786 2122 851 2186 imo
876 2120 1052 2185 orientales
1075 2123 1159 2185 ritus
1189 2121 1355 2205 deserere,
1392 2124 1455 2186 nisi
1481 2124 1584 2209 impe-

456 2237 543 2294 trata
566 2226 695 2293 Summi
718 2228 890 2292 Pontificis
914 2229 1023 2311 venia,
1048 2227 1347 2314 providentissimis
1372 2228 1585 2294 Constitutio-

458 2335 557 2400 nibus
581 2334 759 2400 edixerunt
788 2335 839 2400 sas
863 2356 934 2399 esse
957 2336 1094 2399 nemini.
1140 2335 1312 2400 Noverant
1335 2335 1500 2421 siquidem
1524 2337 1585 2401 im·

458 2441 657 2508 maculatam
672 2440 795 2506 Christi
811 2464 965 2527 sponsam
980 2444 1064 2506 mira
1080 2442 1224 2527 quadam
1237 2445 1398 2506 varietate
1411 2443 1585 2529 distingui,

459 2570 544 2636 quae
575 2570 642 2614 non
666 2548 792 2613 officiat
815 2550 953 2631 unitati3
990 2547 1175 2613 Ecclesiam
1209 2548 1335 2613 scilicet
1357 2549 1456 2614 nullis
1481 2552 1586 2635 regio-

458 2679 539 2721 num
563 2657 712 2720 terminis
736 2655 906 2720 delinitam
926 2678 1040 2721 omnes
1057 2656 1231 2742 complecti
1247 2656 1396 2741 populos,
1421 2659 1585 2741 nationes,

457 2774 583 2848 gentes,
608 2785 693 2849 quae
717 2762 795 2827 fidei
818 2765 944 2827 unitate
968 2773 1001 2828 et
1024 2765 1240 2828 consensione
1257 2763 1452 2845 coalescant,
1477 2763 1586 2829 diver·

459 2891 515 2935 sae
537 2870 616 2935 licet
638 2870 801 2953 moribus,
825 2871 949 2955 linguis
972 2894 1011 2935 ac
1034 2870 1168 2953 ritibus,
1193 2893 1275 2956 quos
1298 2881 1410 2935 tamen
1434 2873 1585 2936 omnium

459 2987 565 3042 mater
581 2988 613 3041 et
627 2979 786 3061 magistra
798 2978 949 3042 Romana
961 2976 1117 3062 probavit
1129 2977 1289 3042 Ecclesia.
1314 2978 1421 3063 (Pius
1435 2979 1503 3044 ΡΡ.
1517 2978 1584 3044 IX.

459 3083 603 3148 Allocut.
629 3087 760 3149 consist.
786 3083 817 3147 d.
845 3087 896 3148 19.
922 3083 1082 3148 Decemb.
1110 3084 1220 3171 1853).

990 3282 1052 3346 III.

552 3405 664 3487 Quum
688 3405 839 3469 Ecclesia
872 3430 892 3470 a
916 3406 1047 3470 Christo
1073 3406 1217 3470 Domino
1250 3406 1390 3471 fundata
1421 3430 1488 3470 una
1519 3429 1587 3471 om·

460 3513 540 3577 nino
566 3514 625 3595 sit,
658 3534 762 3598 caque
787 3536 829 3575 ex
853 3512 1045 3579 Occidentis
1069 3522 1101 3575 et
1125 3512 1271 3576 Orientis
1294 3511 1425 3598 populis
1449 3524 1587 3594 constet,

460 3619 605 3684 Romani
635 3619 829 3700 Pontifices,
866 3620 999 3704 (quibus
1031 3620 1073 3683 ab
1108 3622 1179 3705 ipso
1216 3619 1346 3683 Christo
1371 3622 1516 3684 Domino
1552 3623 1588 3685 in

460 3749 602 3812 persona
634 3726 816 3791 beatissimi
850 3726 1083 3811 Apostolorum
1116 3729 1278 3812 principis
1315 3727 1378 3789 fuit
1411 3728 1589 3790 commissa

461 3855 616 3918 suprema
639 3856 718 3897 cura
743 3846 774 3897 et
797 3845 941 3919 potestas
962 3836 1151 3897 universam
1176 3834 1311 3920 regendi
1336 3857 1375 3898 ac
1391 3834 1588 3898 moderandi

460 3938 661 4026 Ecclesiam)
694 3963 770 4004 suas
794 3962 908 4004 omnes
939 3932 1094 4025 patcr'nas
1118 3964 1215 4005 curas
1246 3944 1527 4029 cogitationesque
1554 3944 1589 4005 in

461 4048 630 4113 orientalis
670 4069 800 4134 quoque
842 4047 1000 4111 ecclcsiae
1041 4039 1156 4131 gentes
1196 4049 1328 4112 assidue
1365 4047 1588 4130 contulerunt,

461 4177 547 4240 quae
570 4163 618 4219 tot
640 4153 759 4217 habuit
773 4156 862 4218 viros
877 4156 1020 4239 ingenio,
1047 4153 1194 4228 consilio,
1219 4176 1377 4239 sacraque
1392 4157 1588 4239 praesertim

461 4261 629 4341 doctrina,
661 4262 863 4344 eruditione,
900 4261 1089 4347 eloquentia
1117 4285 1156 4325 ac
1181 4264 1433 4347 sapientissimis
1457 4263 1590 4348 scriptis

461 4390 723 4455 magnorumque
756 4379 844 4432 recte
877 4369 1039 4432 factorum
1074 4378 1106 4432 et
1139 4371 1323 4432 sanctitatis
1354 4368 1458 4453 gloria
1489 4369 1590 4453 insig-

462 4496 530 4539 nes.
651 4474 747 4538 Fidei
782 4477 892 4540 unitas
924 4497 1000 4539 cum
1025 4473 1247 4559 legitimorum
1279 4477 1403 4539 rituum
1427 4477 1591 4539 varietate

462 4582 586 4667 optime
610 4583 769 4663 consistit,
795 4604 837 4645 ex
862 4581 984 4668 quibus
1007 4584 1073 4645 imo
1094 4583 1200 4668 major
1224 4585 1258 4647 in
1272 4582 1457 4647 Ecclesiam
1482 4584 1591 4668 ipsam
