3725 5617
366 634 419 689 780
693 630 724 684 L.
743 629 792 682 IV.
829 630 869 684 De
888 628 994 684 Unione
1013 628 1163 683 Serborum.

366 774 541 830 morientium
565 771 688 827 omnibus
711 772 900 840 praemunitus
925 770 1025 827 inisset
1050 770 1094 825 die
1119 772 1143 826 7.
1163 771 1292 840 Augusti
1315 772 1403 839 1⁷27,
1427 787 1489 827 arao

366 864 444 919 vitae
461 864 504 918 78.
522 861 665 931 religionis
683 864 727 917 59.

913 1076 948 1129 Β.

751 1175 910 1242 Schema
935 1173 1111 1255 Unionis

598 1302 671 1365 quod
689 1301 717 1349 in
737 1301 831 1350 codice
850 1316 928 1350 mser.
947 1301 1079 1350 invenitur
1097 1300 1271 1364 inscriptum:

367 1415 485 1484 Aliquot
513 1415 608 1484 capita
636 1415 675 1468 od
702 1415 900 1479 reducendam,
930 1414 1161 1484 propinquitatum,
1194 1412 1494 1481 sanationemque

370 1504 689 1559 Groecoootholioomm
712 1519 774 1557 eam
789 1504 1076 1557 Romano-catholicis
1097 1503 1231 1557 Unionem
1250 1519 1270 1555 a
1293 1502 1326 1555 P.
1347 1501 1494 1555 stanam

386 1592 499 1647 &aasz
511 1592 540 1647 S.
550 1593 578 1647 J.
591 1591 740 1646 Gordiaali
751 1609 770 1645 c
779 1592 930 1646 Kolloao’oh
936 1593 1085 1661 proposita
1094 1608 1141 1645 aa.
1152 1593 1231 1644 1687.
1241 1619 1278 1630 -
1289 1588 1480 1646 Extractua

460 1733 572 1815 Quum
590 1745 807 1821 compertum,
829 1734 1139 1821 deprehensamque
1154 1733 1255 1798 fuerit
1271 1732 1496 1819 superioribus

370 1843 478 1927 aunis,
503 1843 605 1906 variis
629 1844 663 1907 in
687 1842 779 1925 locis,
803 1842 885 1907 alios
908 1842 985 1906 ficte
1006 1842 1175 1907 Romanae
1191 1838 1372 1905 Ecclesiae
1395 1842 1497 1905 unitos

369 1947 487 2030 fuisse3
523 1947 605 2012 alios
637 1947 681 2012 ab
706 1949 838 2015 Unione
872 1972 966 2013 sacra
998 1970 1128 2012 rursum
1164 1948 1198 2011 in
1222 1968 1324 2011 suum
1360 1946 1498 2011 schisma

370 2053 566 2135 descivisse,
591 2055 635 2120 ad
659 2078 715 2120 eos
738 2058 773 2120 in
797 2078 935 2120 numero
960 2055 1103 2121 Unionis
1127 2053 1350 2135 coercendos,
1378 2076 1499 2118 consor

371 2161 508 2243 vandos,
534 2162 767 2247 proderitnon
793 2185 927 2249 parum:

395 2287 424 2350 1.
461 2286 496 2352 Si
517 2286 626 2351 nullus
642 2288 852 2353 sacerdotum
869 2285 1084 2368 Graecorum,
1105 2287 1361 2362 Rasoianorum‚
1384 2285 1501 2350 Ruthe·

462 2415 589 2474 uorum,
614 2394 850 2474 Valachorum,
875 2394 918 2458 ad
941 2396 1103 2479 gremium
1129 2416 1153 2459 s.
1174 2416 1198 2458 s.
1215 2392 1313 2456 Rom.
1328 2392 1501 2458 Ecclesiae

460 2502 657 2585 recipiatur,
704 2502 764 2564 nisi
801 2503 893 2586 prius
928 2501 1164 2586 professionem
1200 2498 1279 2562 fidei
1316 2498 1502 2564 secundum

462 2606 602 2672 Concilii
620 2608 808 2672 Tridentini
833 2606 1007 2671 formulam
1033 2606 1094 2670 sub
1114 2608 1305 2693 juramento
1327 2617 1501 2691 praesente

459 2714 644 2800 Episcopo,
680 2714 733 2779 vel
758 2715 799 2779 de
830 2716 902 2800 ejus
925 2714 1126 2779 authoritate
1156 2713 1220 2777 alio
1244 2712 1289 2777 ad
1314 2713 1351 2778 id
1383 2714 1500 2779 idoneo

460 2830 493 2883 et
516 2820 630 2903 habili,
656 2823 811 2887 emiserit.

393 2926 423 2992 2.
460 2926 611 2992 Eandem
647 2928 885 3013 professionem
920 2928 998 2992 fidei
1033 2929 1133 3013 juxta
1168 2926 1319 3013 ejusdem
1360 2925 1500 2992 Concilii

461 3033 635 3097 formulam
668 3037 778 3098 statim
811 3036 845 3098 in
870 3036 1039 3120 principio
1071 3035 1212 3099 Unionis
1249 3055 1371 3098 omnes
1403 3037 1499 3099 etiam

461 3142 622 3204 neo-uniti
647 3141 771 3206 subditi
796 3152 828 3204 ot
851 3141 964 3227 populi
990 3163 1089 3205 sexus
1113 3143 1285 3226 utriusque
1310 3140 1369 3205 die
1391 3140 1499 3228 aliquo

460 3247 608 3328 solemni,
624 3248 834 3334 praelegente
847 3271 905 3312 suo
920 3249 1013 3312 verbi
1028 3249 1133 3313 divini
1149 3250 1311 3329 ministre,
1328 3251 1498 3328 emittant3

461 3358 642 3439 praemissa
666 3357 758 3441 prius
782 3356 988 3420 confessione
1010 3353 1257 3433 sacramentali3
1283 3354 1377 3419 hanc
1394 3355 1498 3420 subse

461 3471 582 3546 quatur
612 3464 677 3526 ritu
706 3485 764 3526 suo
796 3473 1050 3527 sacro-sanotae
1081 3461 1313 3525 Eucharistiae
1346 3463 1498 3547 sumptio.

418 3616 425 3631 .
464 3568 509 3633 Ut
532 3582 771 3633 sacro-sanotae
788 3571 930 3635 Unionis
956 3591 1116 3633 memores
1132 3571 1198 3632 sint
1219 3568 1419 3655 primusque
1434 3569 1497 3654 ejus

463 3675 573 3739 fervor
593 3687 815 3757 conservetur,
837 3679 1025 3762 vigeatque,
1050 3674 1188 3759 singulis
1204 3675 1302 3738 annis
1319 3678 1497 3760 praemissa

463 3805 556 3845 sacra
580 3783 784 3847 confessione
809 3786 842 3847 in
868 3805 954 3847 novo
979 3805 1066 3847 anno
1091 3792 1123 3845 et
1146 3780 1326 3861 Paschate,
1362 3782 1495 3846 eandem

464 3888 541 3952 fidei
571 3889 745 3953 formulam
771 3889 979 3975 praelegente
1012 3901 1157 3975 pastore,
1190 3909 1265 3951 cum
1296 3888 1418 3953 eodem
1449 3909 1497 3974 po

464 3995 561 4080 pulus
596 3999 767 4082 utriusque
803 4019 902 4060 sexus
943 3995 1133 4075 renovabit,
1174 4007 1377 4080 sumptoque
1417 4018 1442 4059 s.
1475 4016 1496 4056 s

464 4102 693 4167 Eucharistiae
725 4113 930 4167 sacramento
956 4103 1122 4167 Unionem
1154 4123 1246 4164 suam
1277 4101 1497 4166 confirmabit

464 4208 566 4273 Seous
597 4210 715 4274 facturi
747 4212 818 4295 ipso
843 4211 928 4273 iacto
962 4232 1020 4294 pro
1051 4208 1271 4272 schismaticis
1302 4206 1497 4278 habeantur,

464 4338 643 4402 eorumque
667 4328 744 4381 nota
768 4317 966 4381 afficiantur.

398 4424 427 4488 4.
466 4424 655 4509 Numquam
687 4435 900 4508 praesumant
930 4426 1097 4486 unitorum
1123 4420 1310 4485 sacerdotes
1341 4443 1364 4483 a
1393 4421 1499 4485 catho-

464 4529 527 4593 lico
543 4552 677 4594 romano
702 4530 911 4615 presbytero,
944 4530 996 4593 vel
1020 4529 1084 4593 alio
1110 4530 1228 4615 quovis
1252 4526 1296 4590 ad
1321 4526 1359 4591 id
1384 4529 1499 4593 idoneo

466 4639 614 4701 ministro
632 4637 815 4722 baptizatos
831 4637 1054 4722 rebaptizare3
1080 4658 1141 4699 nec
1157 4637 1257 4699 etiam
1273 4637 1501 4700 caeremonias
