3725 5617
457 2028 573 2096 salutis
595 2031 733 2099 humani
757 2035 888 2120 generis
910 2033 1116 2100 incunabula
1135 2045 1167 2099 et
1183 2033 1385 2100 christianae
1401 2036 1585 2120 sapientiae

456 2129 657 2215 primordia3
675 2131 766 2197 illinc
782 2133 930 2197 omnium
947 2131 1196 2213 beneficiorum,
1212 2154 1297 2218 quae
1313 2154 1380 2196 una
1397 2154 1473 2196 cum
1491 2157 1584 2198 sacro

457 2226 631 2313 evangelio
654 2231 855 2315 accepimus,
880 2228 973 2295 velut
992 2229 1299 2295 abundantissimus
1314 2230 1423 2294 amnis
1439 2231 1473 2294 in
1489 2229 1583 2296 Occi·

458 2322 591 2390 dentem
627 2327 772 2393 influxit.
817 2327 934 2414 Neque
970 2329 1143 2392 interitura
1174 2327 1247 2391 laus
1280 2337 1330 2391 est
1360 2328 1508 2392 virorum
1542 2351 1584 2392 ex

457 2420 595 2488 Oriente
619 2446 826 2510 magnorum,
851 2424 972 2511 quibus
996 2427 1145 2508 contigit,
1169 2435 1207 2489 ut
1227 2425 1343 2489 afflatu
1358 2426 1584 2513 auspiciisque

457 2522 608 2586 veritatis
631 2520 815 2588 catholicae
838 2521 882 2588 ad
906 2544 1039 2588 omnem
1063 2522 1295 2588 excellentiam
1320 2524 1520 2606 niterentur,
1553 2535 1585 2588 et

456 2620 651 2701 sanctitate,
684 2621 850 2703 doctrina,
881 2621 980 2687 rebus
1009 2623 1111 2706 gestis
1133 2620 1272 2706 gloriam
1297 2623 1441 2686 nominis
1465 2624 1516 2686 sni
1540 2622 1584 2687 ad

457 2728 605 2802 posteros
627 2727 860 2806 propagarent.
890 2717 1002 2806 Atque
1025 2719 1108 2785 haec
1132 2719 1314 2785 Nobiscum
1330 2720 1491 2784 inanimo
1509 2741 1583 2784 con·

456 2815 652 2899 siderantes,
681 2816 766 2883 nihil
789 2827 857 2881 tam
882 2818 1036 2903 cupimus
1059 2827 1159 2903 atque
1183 2829 1350 2903 optamus,
1378 2839 1479 2903 quam
1504 2817 1584 2882 dare
1621 2891 1626 2904 ,

457 2935 602 3000 operam,
628 2924 664 2979 nt
680 2914 817 2981 Oriente
840 2924 907 2980 toto
932 2915 1095 3002 majorum
1119 2916 1225 2979 virtus
1242 2927 1274 2978 et
1290 2916 1484 3000 magnitudo
1499 2918 1583 2980 revi-

456 3013 603 3095 viscant3
639 3034 744 3100 eoque
769 3014 891 3099 magia,
922 3035 988 3099 quo
1012 3012 1080 3078 illic
1103 3012 1325 3077 humanorum
1349 3022 1530 3078 eventuum
1555 3015 1584 3078 is

455 3108 604 3174 volvitur
626 3133 752 3194 cursus,
777 3121 814 3176 ut
832 3110 957 3176 indicia
973 3110 1156 3176 identidem
1171 3121 1363 3196 appareant,
1389 3133 1474 3197 quae
1489 3133 1582 3197 spem

456 3207 674 3299 portendunt,
699 3209 846 3277 Orientis
869 3208 1023 3296 populos,
1051 3208 1094 3274 ab
1119 3209 1290 3274 Ecclesiae
1314 3209 1484 3274 Romanae
1507 3210 1583 3273 sinu

457 3320 525 3374 tam
548 3308 706 3374 diuturno
730 3317 878 3393 tempore
894 3306 1099 3389 dissociatos,
1124 3330 1200 3372 cum
1217 3307 1334 3372 eedem
1351 3306 1530 3393 aliquando
1547 3309 1583 3372 in

456 3410 609 3496 gratiam,
626 3408 793 3493 aspirante
808 3405 891 3487 Deo,
906 3406 1070 3471 redituros
1089 3405 1246 3493 (Allocut.
1260 3404 1291 3469 d.
1308 3407 1359 3471 13.
1373 3405 1455 3470 Dec.
1472 3404 1582 3490 1880).

986 3549 1048 3613 III.

546 3657 765 3722 Decessorum
794 3655 988 3720 Nostrorum
1024 3655 1120 3743 (quos
1155 3654 1336 3741 plurimum
1367 3656 1402 3719 in
1433 3654 1583 3719 ecclesiis

454 3754 671 3821 orientalibus
694 3775 847 3819 curarum
872 3752 1040 3839 studiique
1064 3755 1309 3839 consumpsisse
1332 3754 1411 3817 satis
1425 3751 1583 3817 historiae

453 3853 649 3941 loquuntur)
688 3850 850 3937 exemplis
885 3862 1099 3937 permovetur
1130 3861 1164 3916 et
1190 3850 1233 3917 ad
1266 3850 1352 3916 bene
1385 3850 1581 3915 merendum

455 3952 615 4016 incitatur
636 3951 770 4015 animus
792 3950 921 4032 Noster,
947 3951 1159 4037 caeteroquin
1183 3960 1300 4036 sponte
1324 3972 1383 4013 sua
1397 3938 1582 4035 propensus

454 4050 490 4115 in
513 4048 702 4131 Orientem,
735 4070 930 4133 magnarum
956 4049 1118 4112 virtutum
1141 4047 1247 4132 gloria
1271 4045 1416 4112 nobilem
1440 4058 1473 4110 et
1496 4044 1582 4110 cbri-

454 4148 552 4213 stiani
585 4147 729 4212 nominis
761 4144 946 4230 originibus
974 4156 1214 4212 consecratum.
1261 4147 1331 4210 Diu
1355 4167 1435 4210 sarie
1459 4146 1493 4209 in
1517 4142 1582 4208 hac

454 4246 654 4331 cogitatione
678 4267 801 4326 sumus,
831 4266 898 4330 qua
921 4245 1069 4308 maxima
1092 4245 1220 4308 ratione
1244 4245 1424 4308 conveniat
1446 4264 1580 4328 operam

454 4353 600 4408 nostram
616 4344 650 4408 in
665 4341 835 4428 publicam
848 4341 920 4428 ejus
936 4342 1085 4407 conferre
1102 4341 1279 4406 utilitatem
1297 4340 1424 4429 (Const.
1435 4340 1582 4426 Borsippa

454 4440 486 4509 d.
503 4441 535 4508 d.
555 4445 583 4506 l.
601 4440 713 4506 Martii
731 4441 839 4520 1883).

914 4599 975 4614 *rar--
987 4599 1124 4616 ννννν»
