3725 5617
518 673 587 728 1060
947 667 978 724 L.
998 667 1046 722 vt.
1082 665 1213 735 Parerga.

589 817 634 869 Ad
653 831 724 883 pag.
745 815 815 868 924.
832 843 861 852 -
878 812 920 865 De
940 811 1104 878 Episcopo
1124 810 1269 864 Armeno
1290 810 1484 880 peregrino
1500 809 1608 878 Terreni

517 907 685 962 defuncto.
705 933 739 943 -
759 903 803 956 Ex
824 900 1009 955 Annalibus
1027 915 1098 954 msc.
1112 899 1207 954 Pror.
1221 901 1344 954 Austr.
1359 901 1388 954 S.
1403 901 1434 955 J.
1453 901 1491 954 ad
1506 899 1603 954 antiit

588 1020 752 1090 Tergestina
771 1019 798 1072 in
818 1017 883 1072 urbe
902 1019 980 1085 pauci
1000 1016 1067 1070 latis
1085 1032 1198 1081 cessere,
1217 1017 1266 1084 qni
1286 1034 1347 1071 uon
1369 1019 1430 1072 iter
1442 1017 1602 1080 bocardes!

517 1203 575 1270 cipe
595 1201 651 1254 loco
671 1197 914 1252 commemorandus
940 1203 982 1250 cst
1001 1196 1136 1250 blartinus
1155 1195 1311 1256 Karbietb,
1343 1197 1504 1265 Episcopus
1522 1201 1606 1252 sirm

517 1291 562 1358 qui
591 1290 637 1343 nbi
665 1289 694 1342 ri
722 1287 805 1341 morbi
834 1286 862 1339 in
891 1295 1042 1340 extremum
1070 1286 1145 1339 ritae
1172 1285 1323 1340 discrimen
1352 1287 1512 1340 adductum
1531 1301 1554 1338 sc
1568 1281 1610 1336 ὦ

517 1386 639 1435 nostrum
660 1375 782 1442 expetiit,
802 1391 818 1428 a
837 1391 888 1441 quo
907 1374 1080 1428 morientium
1098 1373 1278 1428 sacramentis
1298 1385 1516 1441 procuraretur.
1541 1373 1614 1428 sucu

516 1468 589 1522 illico
609 1464 775 1520 (lauriolicns
795 1463 964 1518 ecclesiastes
982 1469 1074 1516 rrcrster
1093 1463 1134 1532 (P.
1154 1463 1251 1516 Franc.
1266 1463 1344 1516 Xav.
1367 1465 1522 1531 (lotserer)
1535 1471 1614 1530 erm

517 1571 568 1623 qne
594 1553 647 1606 riri
665 1551 828 1606 sanctissimi
855 1551 1022 1606 confessione
1041 1567 1109 1618 pane
1128 1551 1240 1605 sortium
1266 1567 1321 1618 per
1348 1553 1485 1620 bujatem
1509 1553 1614 1606 macri!

517 1643 636 1698 roborari
665 1641 748 1704 facit,
777 1641 985 1708 roboratumque
1012 1640 1084 1694 coelo
1109 1640 1286 1694 transmittit.
1329 1641 1377 1694 Ab
1410 1643 1494 1697 obitu
1520 1641 1613 1710 qualisrt

517 1740 635 1800 quantus
659 1731 703 1783 lric
729 1730 771 1782 vir
796 1736 880 1792 esset,
909 1735 1074 1798 compertum
1100 1733 1141 1783 est
1165 1729 1289 1796 demnm;
1324 1739 1465 1799 repertae
1491 1733 1553 1786 euin
1568 1729 1612 1782 lut

517 1822 592 1875 ritas
617 1820 651 1872 ab
676 1837 707 1873 co
733 1829 810 1872 actae
837 1827 922 1874 testes
954 1819 1051 1872 literae
1076 1819 1237 1886 complures,
1266 1835 1324 1872 non
1350 1837 1511 1888 patuerinn
1533 1815 1607 1874 bil.

518 1910 690 1964 Praesulurn:
710 1909 848 1976 ipsiusque
867 1909 950 1962 etiarn
970 1907 1184 1962 Eminentissimi
1197 1907 1359 1963 Cardinalis
1378 1911 1490 1964 Albani
1509 1904 1609 1964 tcsdd

517 1999 652 2067 insignes,
673 1998 718 2064 qni
739 1997 899 2066 Episcopum
919 1997 991 2050 lnrnc
1009 2001 1154 2051 Armcnnm
1173 1997 1302 2050 maximis
1323 1999 1512 2054 cumularunt
1529 1995 1613 2052 lauh

516 2088 668 2157 pietatique
696 2087 802 2141 easdern
822 2085 1051 2154 ‘inspecturornm
1076 2086 1305 2140 commendamut.
1352 2087 1411 2142 His
1439 2105 1457 2144 e
1483 2085 1618 2143 monuutu'!

517 2177 660 2240 discimus,
679 2175 828 2228 blartinnm
849 2175 982 2230 liarbieth
1001 2175 1182 2243 Bnghiensem
1200 2174 1229 2228 in
1249 2175 1345 2229 lledia
1364 2178 1555 2246 episcopatum
1568 2173 1619 2228 stu·

517 2267 662 2320 nistrasse.
691 2265 767 2333 cujus
793 2265 919 2332 praecelsi
947 2264 1064 2318 muneris
1090 2273 1180 2330 partes
1210 2278 1242 2316 eo
1266 2263 1382 2319 fervore
1410 2267 1534 2334 explerit
1556 2275 1622 2318 auu

518 2363 550 2409 ιιι
569 2355 641 2408 lraud
660 2369 758 2421 paucos
777 2352 880 2414 relicto,
900 2369 952 2418 qno
971 2351 1170 2414 scindebantur,
1188 2351 1338 2406 schismate
1351 2354 1500 2410 Ecclesiae
1512 2353 1623 2409 canabe

518 2444 683 2510 adjunxerit.
722 2442 789 2510 Egit
808 2458 840 2495 ea
859 2457 901 2494 res
927 2442 955 2494 in
974 2441 1091 2494 furorem
1111 2440 1202 2494 l'hotii
1220 2441 1355 2508 asseclas,
1385 2454 1420 2497 nt
1441 2461 1497 2498 uon
1514 2451 1572 2498 aute
1585 2455 1625 2495 ns·

519 2533 702 2600 quiescerent,
730 2547 809 2596 quam
835 2547 883 2584 sno
909 2547 968 2584 cnm
995 2531 1150 2598 episcopatu
1175 2530 1335 2598 dejicerent.
1382 2533 1559 2588 Praeclamur
1579 2531 1626 2584 but

519 2622 581 2675 fidei
601 2636 682 2674 causa
702 2620 807 2674 exulem
826 2621 912 2673 Roma
931 2621 1045 2686 primum
1064 2619 1179 2686 excepit,
1197 2619 1298 2685 diuque
1318 2621 1401 2676 aluit.
1445 2625 1573 2678 Viennam
1585 2619 1628 2675 sul·

519 2711 581 2765 iude
606 2709 745 2776 digressus
770 2708 869 2762 ibidem
889 2709 1027 2774 aliquanto
1047 2716 1167 2777 ternpore
1191 2708 1334 2774 substitit,
1357 2721 1428 2778 ,tum
1450 2713 1558 2768 Romam
1579 2709 1627 2764 redi

519 2808 599 2852 turns
618 2797 745 2864 deniqne,
765 2803 797 2851 ut
817 2799 843 2852 iu
864 2799 1055 2852 catlroliconnn
1075 2798 1251 2852 Armeuorum
1269 2804 1351 2853 coetu
1372 2801 1467 2855 uitam
1487 2801 1627 2856 terminaret

519 2887 610 2942 morbo
635 2887 678 2940 lric
701 2893 840 2954 correptus
859 2896 914 2950 est,
943 2904 995 2954 qno
1020 2888 1150 2953 durante,
1178 2893 1310 2954 qnantum
1337 2888 1373 2941 ab
1394 2893 1472 2944 omni
1496 2903 1627 2960 graeeoruu

518 2977 749 3030 schismaticorum
769 2978 954 3030 communione
973 2976 1141 3041 allicuerat,
1167 2976 1304 3030 luculente
1324 2978 1546 3044 demonstratum
1568 2993 1627 3046 quun

519 3067 589 3120 enirn
610 3065 718 3131 quidam
738 3064 866 3117 oriundus
886 3081 918 3117 ex
938 3064 1068 3129 Albania,
1093 3065 1239 3118 catholicae
1259 3071 1354 3120 tannen
1369 3067 1492 3134 ,iunctus
1510 3067 1626 3124 Ecclesiae

517 3171 601 3209 manu
620 3170 669 3206 sira
685 3154 820 3221 jacentem
841 3154 947 3222 erigere
960 3163 1109 3218 corraretnr,
1129 3154 1175 3208 ille
1187 3153 1394 3210 schismaticum
1417 3173 1480 3211 enm
1498 3164 1625 3212 esserunt

518 3244 617 3298 minaci
645 3243 724 3296 rnltn
751 3243 889 3310 proripere
920 3258 950 3296 se
975 3243 1037 3297 inde
1058 3243 1155 3310 jussit,
1184 3251 1214 3296 at
1237 3242 1282 3295 nbi
1309 3245 1418 3299 certior
1444 3247 1561 3302 redditus
1582 3243 1625 3296 init

517 3332 667 3386 catholicae
683 3349 742 3385 crnn
757 3332 892 3385 Ecclesiae
906 3333 1147 3386 necessitudinibus
1160 3330 1281 3385 omnibns
1294 3331 1467 3390 obstrictum
1479 3351 1541 3397 csse,
1558 3331 1625 3387 autb

516 3421 574 3489 ejns
594 3421 685 3474 ollicia
704 3420 789 3474 libens
808 3421 926 3474 atlrnisit.
965 3421 1070 3474 interos
1090 3421 1138 3475 has
1156 3420 1201 3474 nbi
1215 3420 1249 3474 ad
1261 3421 1446 3478 Excellmum.
1461 3425 1623 3479 etEdmrrun

517 3510 591 3563 urbis
614 3510 767 3563 l'raesidenr
786 3509 885 3563 detulit
904 3515 1008 3572 niuster,
1028 3510 1073 3576 qni
1093 3509 1219 3564 defuncto
1239 3509 1348 3575 aderat,
1370 3513 1524 3582 Episcopus
1540 3513 1623 3566 ilinrru

515 3599 567 3652 tide
593 3599 621 3652 in
641 3613 753 3652 examen
773 3605 871 3652 vocata
890 3597 1126 3666 conrprobataqne,
1155 3599 1275 3653 defuncti
1302 3616 1403 3668 corpus
1427 3604 1511 3658 mitra
1534 3602 1621 3664 aliique

515 3689 677 3741 Praesnlrnn
703 3687 856 3755 insignibus
882 3687 1027 3740 conmestiri
1050 3688 1133 3755 jussit
1152 3687 1236 3741 illico:
1265 3703 1402 3755 quaeres
1429 3693 1478 3746 nbi
1503 3693 1529 3746 iu
1546 3689 1620 3756 sulcu

515 3778 639 3830 rnnrrarit
663 3777 750 3830 multa
769 3775 905 3829 hominnm
924 3774 1010 3829 millia
1028 3776 1142 3843 piissimi
1161 3777 1213 3830 riri
1233 3776 1338 3844 Corpus
1358 3791 1527 3836 veneratum
1547 3775 1618 3832 caule

514 3880 586 3922 xere.
606 3865 676 3930 qnod
696 3865 848 3930 insequenti
868 3864 912 3918 die
925 3881 948 3918 a.
964 3865 1033 3918 1756
1051 3881 1148 3933 pompa
1165 3864 1209 3918 bic
1227 3865 1278 3918 loci
1298 3881 1363 3920 raro
1382 3871 1447 3924 risa
1467 3881 1552 3926 terrae
1565 3881 1616 3922 utu

515 3953 609 4006 dat-mn
635 3960 692 4021 est;
718 3963 826 4022 praeter
846 3970 925 4020 quarn
945 3955 1014 4008 cuim
1034 3956 1104 4020 ‹prrod
1123 3954 1304 4021 copiosissimo
1331 3960 1435 4026 populo
1461 3961 1557 4016 diuersi
1575 3955 1617 4010 idi·

514 4039 581 4094 litun
601 4050 700 4106 coetus,
721 4049 939 4109 mercatorooqne
958 4044 1066 4111 plnrirni
1086 4044 1254 4098 lroloserioeis
1266 4045 1359 4101 decori
1377 4049 1474 4116 palliis
1493 4049 1616 4110 taciturne
1646 4073 1647 4102 ι

514 4129 643 4182 instructi
670 4129 751 4183 frrnns
776 4132 819 4198 pie
845 4131 967 4185 defuncti
993 4132 1118 4200 Episcopi
1142 4133 1355 4190 comitarentur:
1384 4137 1447 4204 ipse
1471 4152 1568 4206 qnoque
1581 4133 1615 4187 Et·
1645 4149 1647 4196 l

514 4217 633 4271 cellmua.
654 4225 683 4272 et
702 4220 792 4272 anns.
814 4220 887 4274 urbis
908 4221 1020 4274 l’raesnl
1045 4237 1105 4274 curn
1123 4229 1181 4276 toto
1200 4223 1393 4278 canonic-orum
1413 4227 1510 4290 choro,
1536 4225 1613 4281 suu·
1646 4211 1647 4258 l

513 4305 586 4359 tibus
614 4307 641 4360 in
661 4314 741 4374 portu
761 4308 851 4362 aeneis
870 4309 1001 4364 machinis
1026 4310 1093 4364 illud
1113 4311 1147 4366 ad
1165 4311 1351 4366 cathedralem
1379 4314 1441 4369 diri
1461 4317 1533 4370 Justi
1549 4313 1612 4366 redu

513 4394 634 4450 deduxit.
672 4395 774 4462 Corpus
800 4413 877 4463 porro
902 4399 1022 4466 ejusdem
1048 4406 1109 4466 post
1133 4400 1190 4454 dies
1214 4402 1424 4466 quatuordecim
1451 4403 1567 4458 etnmbo
1584 4413 1612 4450 d·
1646 4429 1647 4436 ι

512 4490 633 4550 emptnrn
653 4492 735 4551 atque
754 4501 842 4539 coram
861 4487 919 4554 ipso
934 4488 1011 4542 Rmo.
1027 4489 1147 4556 Capituli
1161 4489 1268 4542 Decauo
1287 4489 1446 4558 inspectum
1466 4485 1611 4560 corruptileii

512 4573 598 4626 orunis
627 4589 720 4641 expers
740 4573 880 4628 inventurn
910 4577 965 4629 suit
992 4577 1019 4630 id
1047 4577 1117 4644 quod
1141 4587 1298 4643 conceptam
1326 4579 1362 4634 de
1382 4583 1438 4636 riri
1466 4575 1611 4638 sanctimonie

510 4660 663 4727 opinionem
683 4664 819 4730 praeclare
839 4663 966 4719 firmavit.
1003 4667 1047 4734 (B.
1067 4667 1097 4722 Ρ.
1117 4666 1150 4720 V.
1171 4667 1277 4737 lasso.)
