3725 5617
366 659 420 713 982
797 655 825 710 L.
846 655 893 709 Vl.
932 654 1063 718 Par-erpo,

367 801 490 868 Legatus
518 800 543 854 S.
573 799 605 852 V.
634 798 668 852 ad
695 798 899 852 Serenissimmn
928 796 1056 851 Poloniae
1084 797 1222 866 regem),
1253 813 1304 865 per
1331 797 1487 853 &ramula

369 888 467 943 Patres
479 888 624 943 societatis
636 888 703 942 Jesu
723 887 882 951 transmisit,
902 885 1015 941 luerunt
1034 885 1111 940 nohis
1130 886 1212 940 valde
1233 887 1418 955 gratissimae
1445 888 1489 942 Pr·

368 977 465 1045 quihus
484 977 633 1032 sanctitati
652 976 767 1030 Vestrae
785 975 891 1044 gratias
911 975 1019 1044 agimus
1038 991 1118 1042 qnam
1137 975 1290 1040 maximas,
1316 977 1388 1043 qnod
1405 991 1436 1030 eu
1452 977 1488 1030 iis·

367 1067 428 1121 tem
445 1067 571 1120 Sanctam
599 1066 657 1134 ejus
686 1064 899 1119 benedictionem
927 1065 1123 1132 acceperimus,
1153 1070 1358 1133 paternumque
1385 1066 1489 1120 animun

368 1156 581 1224 cognoverimus.
617 1154 806 1208 Intelleximus
825 1155 891 1207 item
910 1170 944 1207 ex
962 1152 1057 1207 iisdem
1082 1159 1195 1223 gratum
1216 1171 1279 1210 esse
1297 1155 1419 1210 studium
1434 1157 1488 1210 stn-

368 1243 461 1298 ctitati
486 1244 615 1306 Vestrae,
644 1244 713 1310 qnod
739 1243 772 1297 de
796 1242 967 1297 reformanda
991 1243 1112 1297 Ecclesia
1138 1242 1285 1298 catholica
1310 1245 1340 1298 in
1365 1245 1490 1312 prosincis

367 1323 461 1388 nostrai
486 1333 657 1399 suscepimus.
695 1332 779 1400 Cujus
797 1332 820 1386 is
845 1348 917 1385 nunc
935 1337 1026 1385 status
1045 1339 1101 1392 mt.
1129 1341 1163 1386 ut
1182 1332 1215 1388 de
1238 1333 1305 1387 hinc
1323 1335 1393 1388 nulli
1411 1334 1489 1388 haere

369 1423 484 1476 ticornm
510 1421 624 1489 amplius
650 1422 677 1475 in
697 1437 729 1475 ea
747 1422 820 1475 locus
839 1437 896 1476 esse
919 1421 1019 1490 possit;
1045 1422 1074 1476 in
1093 1438 1159 1487 quos
1178 1438 1234 1476 non
1261 1422 1351 1477 solum
1375 1440 1423 1477 nos
1438 1439 1490 1492 grs-

368 1511 441 1565 riter
464 1509 723 1574 animadvertemus,
754 1525 847 1564 verum
873 1510 958 1565 etiam
988 1510 1015 1564 id
1040 1516 1073 1564 nt
1096 1511 1296 1579 Metropolitae
1321 1519 1352 1566 et
1380 1511 1488 1580 Episcrpi

367 1600 453 1655 nostri
472 1598 589 1663 saciant,
617 1599 688 1653 serio
703 1599 841 1667 jussimus.
879 1599 997 1653 Firmum
1022 1600 1115 1667 itaque
1134 1600 1163 1653 in
1183 1601 1242 1655 Deo
1270 1618 1350 1669 spem
1368 1601 1489 1655 habemas.

367 1689 436 1756 quod
461 1688 549 1757 gloria
569 1687 617 1740 Dei
637 1687 710 1741 inter
728 1687 847 1742 homines
872 1688 920 1741 hos
940 1688 1054 1756 pristino
1074 1705 1146 1743 more
1166 1705 1215 1743 suo
1248 1691 1408 1745 reviviscet
1441 1691 1490 1756 Qus

368 1778 396 1831 in
415 1793 455 1842 re,
479 1792 560 1843 quum
578 1776 781 1831 Illustrissimns
800 1793 831 1831 ac
848 1777 1098 1831 Reverendissimus
1119 1779 1251 1832 Dominus
1272 1779 1486 1847 hreniepisspn

368 1866 557 1933 Leopoliensis,
576 1865 748 1933 metropolita
767 1866 906 1931 Russiael)
930 1874 959 1919 et
977 1867 1137 1936 magnificus
1155 1868 1391 1922 Bartholomaeus
1410 1870 1488 1922 Brun.

367 1971 507 2025 supremus
526 1955 624 2010 Curiae
642 1961 751 2008 nostrae
769 1955 914 2023 magister,
933 1955 1010 2009 nobis
1029 1971 1135 2022 operam
1155 1972 1234 2010 suam
1254 1965 1376 2012 strenue
1393 1969 1488 2010 narem

369 2045 483 2099 multum
508 2059 574 2098 sane
592 2060 640 2098 nos
658 2044 816 2098 clarissimis
841 2044 883 2097 his
902 2044 970 2098 riris
989 2044 1022 2098 oh
1041 2045 1067 2098 id
1086 2044 1182 2098 debere
1200 2045 1336 2102 fatemur.
1376 2047 1488 2114 speciali·

368 2149 432 2189 vero
460 2134 604 2187 clementia
628 2133 790 2187 Sanctitatis
808 2133 939 2198 Vestrae,
967 2149 1021 2200 qua
1040 2135 1153 2187 Brutum
1182 2143 1311 2188 nostrum
1339 2137 1490 2201 filiolnmqm

369 2222 427 2291 ejus
445 2222 626 2284 carissimum,
651 2223 872 2288 quemadmodum
891 2223 924 2275 ad
945 2239 993 2276 nos
1011 2223 1133 2290 scripsit,
1153 2239 1253 2278 ornare
1271 2225 1412 2280 decrerit.
1431 2225 1491 2293 parit

368 2312 445 2366 nobis
470 2328 598 2365 summam
624 2313 800 2381 voluptatem.
839 2312 891 2378 Qui
916 2328 998 2378 «quum
1024 2312 1185 2367 sanctitatis
1212 2313 1335 2368 Vestrae
1362 2315 1491 2370 clementia

371 2401 471 2470 dignus
489 2400 527 2454 sit
546 2405 676 2467 tanquam
695 2401 840 2455 acerrimus
853 2407 965 2454 mactae
984 2400 1045 2456 fidei
1058 2401 1207 2454 catholicae
1220 2416 1424 2472 propugnatum
1441 2419 1492 2458 euru

367 2497 401 2544 nt
425 2496 555 2556 concepta
579 2490 629 2543 hac
648 2490 791 2544 clementia
816 2506 866 2544 sua
891 2491 1016 2559 prosequi
1041 2506 1094 2545 non
1118 2490 1249 2555 desistat,
1278 2493 1306 2546 S.
1328 2494 1363 2549 t’.
1390 2509 1492 2548 cramus

369 2579 455 2646 Quum
482 2579 575 2645 itaque
599 2586 710 2633 sanctae
730 2579 790 2633 fidei
811 2579 960 2633 catholicae
988 2595 1035 2646 per
1053 2580 1227 2634 Reverendcs
1253 2581 1361 2637 fratres
1380 2583 1492 2637 rmum-

368 2684 464 2733 canos,
492 2673 522 2722 et
539 2668 597 2736 pios
615 2668 746 2722 Doctores
764 2668 909 2722 societatis
927 2669 1007 2732 lesu,
1031 2684 1096 2734 quos
1120 2675 1150 2722 et
1168 2667 1366 2726 honestissime
1385 2673 1491 2739 suscepi·

368 2773 427 2813 mus
451 2761 480 2812 et
498 2757 685 2811 liberalissime
710 2758 738 2810 in
758 2757 897 2825 provincia
917 2767 1010 2810 nostra
1030 2757 1139 2822 alimus,
1165 2757 1334 2825 ejuscemodi
1355 2779 1425 2816 nunc
1442 2763 1490 2816 rint

368 2847 545 2901 fundamenta
566 2847 655 2914 jacta,
684 2851 716 2899 ut
734 2847 808 2900 rrullo
827 2846 903 2899 modo
929 2846 1044 2913 amplius
1063 2846 1189 2900 ecelesiae
1215 2847 1268 2902 hae
1291 2849 1330 2904 ub
1350 2851 1490 2905 universali

368 2951 478 3003 corpore
508 2935 588 2989 avelli
624 2936 741 3001 possint,
776 2935 907 3003 imprimis
937 2935 991 2988 lleo
1022 2935 1129 3003 Optimo
1158 2936 1292 3000 llaximo,
1330 2941 1491 3007 postmodun

368 3025 515 3079 Sanctitati
535 3025 649 3077 Vestrae
668 3025 754 3078 denuo
773 3024 900 3092 ingentes
919 3023 1135 3089 humillimasque
1153 3025 1263 3092 gratias
1282 3029 1410 3098 sgimru.
1429 3029 1491 3096 quol

367 3130 416 3167 rros
441 3114 599 3179 easdemque
632 3113 659 3166 in
685 3113 919 3166 clementissimam
945 3113 1138 3180 protect-ionem
1163 3128 1241 3167 auam
1273 3121 1419 3186 receperit.
1456 3117 1490 3171 sl

368 3219 463 3270 qnam,
488 3218 569 3268 quum
588 3202 621 3255 ob
641 3202 718 3255 varia
737 3203 929 3269 impedimenta
947 3201 1053 3270 legatos
1071 3209 1191 3262 nostros,
1215 3204 1258 3257 uti
1277 3208 1490 3271 promiseramus

367 3291 417 3345 hoc
435 3298 555 3359 tempore
569 3292 678 3344 mittere
697 3307 749 3344 non
764 3291 938 3358 potuerimus,
958 3291 1082 3359 ignoscat
1095 3291 1122 3343 id
1135 3290 1212 3344 nobis
1225 3295 1372 3349 Sanctitas
1387 3297 1488 3350 Vestra:

367 3379 542 3434 nihilominus
560 3386 666 3443 tumen,
695 3381 783 3433 missis
808 3380 849 3433 his
875 3381 909 3433 ad
927 3381 1131 3434 Serenisslmnm
1150 3380 1283 3436 Poloniae
1311 3401 1421 3454 regem.
1446 3385 1490 3438 cle·

366 3477 472 3523 menter
490 3469 555 3537 ipsis
574 3469 754 3537 injunximus,
778 3476 808 3522 ut
829 3469 1045 3523 Illustrissimnm
1064 3485 1095 3522 ac
1114 3469 1387 3528 Reverendissimum
1406 3474 1488 3526 t'ardi·

365 3559 454 3612 nalem
473 3575 489 3610 a
507 3558 607 3611 Latere
626 3559 801 3618 conveniant,
820 3559 992 3626 debitamque
1011 3559 1050 3612 illi
1069 3558 1176 3612 nomine
1195 3569 1291 3613 nostro
1312 3562 1485 3617 obedientiam

398 3792 418 3859 ¹)
440 3795 594 3858 llippolitus
614 3793 763 3840 Cardinalis
784 3793 1021 3850 .ll‹l‹›brnn‹linns,
1041 3809 1056 3840 a
1076 3793 1148 3839 Sixto
1170 3794 1225 3839 l‘l’.
1250 3794 1282 3841 Υ.
1305 3795 1333 3840 in
1357 3793 1483 3840 l'olnarsar

437 3868 469 3914 de
497 3868 590 3913 Latere
611 3866 725 3924 legatus
752 3865 845 3911 aristus
871 3865 903 3911 ad
924 3865 1062 3912 dissidium
1088 3865 1154 3911 inter
1176 3863 1338 3910 Austriocos
1365 3877 1389 3912 ct
1410 3865 1480 3924 sjgss..

437 3938 575 3996 mnndum,
605 3944 663 3998 post
689 3936 789 3983 obitum
810 3935 936 3998 Stephani
964 3935 1082 3983 Bitlrorii
1104 3935 1233 3982 l’oloniac
1261 3950 1348 3994 regno
1375 3937 1474 3996 potitur.

436 4009 620 4067 auferendum,
645 4016 669 4053 ct
690 4008 721 4053 ad
745 4006 952 4054 hlauimiliannm
973 4006 1140 4054 archiducem
1161 4021 1174 4051 e
1194 4005 1356 4068 captivitate
1380 4007 1482 4056 l't·l=.·m=·

437 4097 491 4128 rum
518 4081 543 4127 in
569 4078 716 4125 libertatem
743 4078 945 4133 vindicandum,
976 4077 1053 4125 rebus
1081 4091 1279 4138 quaquaversus
1308 4077 1379 4124 benc
1404 4089 1472 4136 gest:-

439 4156 552 4200 Romam
574 4163 705 4204 reversus,
734 4165 802 4195 :tnnc
827 4160 891 4208 15q2
913 4151 1035 4196 Summus
1063 4149 1143 4195 totins
1169 4148 1308 4197 christiani
1330 4151 1403 4196 urhis
1424 4155 1480 4197 r’·=.·.·

437 4225 508 4277 tifex,
528 4220 671 4270 Clementis
692 4221 768 4266 Vlll.
789 4221 894 4267 nonrine
914 4228 1040 4282 accepto.
1058 4219 1238 4266 llurdlnalium
1260 4222 1382 4268 numium
1403 4219 1480 4266 ada·

436 4296 485 4357 giis
499 4293 597 4340 electus
611 4301 658 4340 cst.
687 4291 740 4339 lssl'r.
756 4292 884 4340 Ciucon.
905 4292 914 4336 1
921 4291 952 4342 il.
969 4293 1041 4340 rnna
1055 4298 1079 4336 rt
1093 4289 1172 4340 carn,
1192 4298 1210 4341 t,
1226 4306 1260 4352 4..
1280 4305 1319 4352 pp
1347 4301 1479 4338 thu-1²4.

396 4375 416 4434 ¹⁴¹)
437 4375 527 4421 Fuerit
546 4374 568 4420 is
582 4372 697 4420 stit-nael
717 4372 845 4420 ltuhoaa?
878 4372 934 4419 Sub
953 4387 985 4419 eo
1005 4371 1121 4434 quidem,
1141 4369 1245 4417 duabus
1260 4374 1373 4431 synodis
1388 4375 1479 4418 Brcstuc

436 4445 576 4493 celebratis
597 4445 672 4491 annis
697 4455 760 4505 r5qq
781 4453 807 4491 et
830 4445 909 4504 r5qb,
930 4459 949 4494 s.
971 4443 1042 4491 Unio
1065 4441 1251 4490 lluthcnornm
1272 4443 1419 4490 instaurata
1436 4453 1468 4488 ee

436 4533 487 4580 qun
516 4518 548 4564 ‹le
579 4531 604 4562 rc
633 4525 735 4577 practer
764 4525 884 4563 auctores
912 4512 1175 4576 aKnlczynslri,
1205 4515 1346 4573 Spe-cimas
1375 4516 1480 4560 resia-rr
1531 4557 1533 4582 Ι

435 4589 595 4646 rutlmn'cor,
615 4603 673 4649 pag.
694 4598 739 4644 120
760 4583 833 4646 (edit.
850 4584 1004 4649 Martium.)
1018 4585 1157 4640 adductos,
1177 4583 1273 4642 legesis
1291 4585 1419 4638 l'clesr,
1439 4583 1474 4630 Il·

438 4661 533 4720 d'nr'rur,
552 4667 568 4705 t.
591 4669 623 4711 2..
643 4673 686 4720 pp.
711 4668 802 4718 1-33.
