3725 5617
377 467 427 519 112
464 467 485 519 L
506 467 526 518 l.
545 469 574 533 Q.
586 468 636 520 ΠΙ.
657 468 806 522 instructio
816 468 965 521 missionar.
980 485 1000 521 s.
1013 469 1116 523 [lnione
1127 472 1271 539 pangenda
1285 472 1463 529 intentorum.

374 607 483 690 vellet,
508 610 536 672 is
559 608 602 672 ad
626 611 741 673 simiae
757 611 986 692 imitationem,
1011 623 1047 674 ut
1070 613 1117 675 ait
1134 611 1365 679 Catechismus
1382 616 1498 681 Roma-

374 737 446 793 nus,
471 738 504 779 se
528 726 664 799 gereret,
689 738 775 801 quae
799 739 833 781 se
856 717 1025 782 hominem
1043 741 1113 782 esse
1137 720 1243 802 fingit,
1268 743 1372 806 quum
1388 733 1498 788 tamen

373 824 516 886 nonsit.

462 931 493 993 4.
529 929 692 1009 Quamvis
717 929 787 1012 ille,
816 933 872 1017 qui
898 954 996 994 sensu
1021 954 1098 996 vere
1123 933 1285 997 catholico
1310 935 1496 1002 Romanurn

374 1035 568 1099 Pontificem
601 1046 637 1099 ut
670 1050 769 1122 caput
794 1037 924 1101 visibile
950 1037 1118 1102 Ecclesiae
1151 1041 1185 1103 in
1209 1042 1304 1104 terris
1336 1043 1494 1125 agnoscit,

373 1142 534 1226 integram
559 1144 657 1206 fidam
683 1143 880 1207 catholicam
906 1144 1065 1229 implicite
1088 1147 1290 1231 profiteatur,
1315 1157 1348 1210 et
1374 1148 1496 1212 idcirco

372 1271 414 1311 cx
453 1272 624 1335 expressa,
667 1251 801 1336 publica
839 1262 870 1313 et
908 1255 1038 1315 sincera
1076 1254 1279 1337 professione
1317 1257 1496 1338 agnitionis

372 1355 513 1421 Romani
541 1357 711 1421 Pontilicis
742 1358 927 1422 membrum
953 1358 1124 1423 Ecclesiae
1156 1360 1338 1426 catholicae
1371 1361 1493 1444 haberi,

372 1474 404 1526 et
434 1463 477 1526 ab
510 1466 550 1527 iis
587 1466 642 1550 qui
674 1463 753 1528 foris
785 1474 878 1545 sunt,
915 1464 1058 1528 discerni
1090 1468 1209 1550 possit:
1243 1469 1316 1552 ipss
1345 1467 1496 1534 Ecclesia

370 1580 481 1635 tamen
515 1571 582 1635 solo
607 1581 742 1634 externo
775 1572 836 1634 hoc
861 1572 955 1653 signo
980 1581 1135 1635 contenta
1159 1583 1315 1654 nonest,
1348 1574 1407 1638 sed
1430 1595 1493 1638 om·

371 1677 450 1741 nino
475 1688 585 1758 curat,
620 1688 656 1741 ut
679 1680 734 1764 qui
759 1677 907 1742 salvifice
930 1680 1019 1741 uniri
1045 1701 1119 1741 cum
1146 1680 1218 1764 ipsa
1242 1679 1426 1762 desiderat,
1449 1702 1494 1744 er·

371 1807 460 1848 rores
484 1784 571 1848 illius
596 1798 708 1848 coetus
733 1788 890 1869 proprios,
916 1785 1011 1869 cujus
1035 1784 1220 1848 membrum
1245 1807 1392 1872 eousque
1415 1786 1500 1848 exti-

370 1901 470 1973 terat,
503 1895 670 1978 conceptis
698 1892 809 1955 verbis
833 1892 955 1977 ejuret3
989 1891 1269 1976 quemadmodum
1291 1915 1334 1956 ex
1358 1892 1510 1956 historia.

370 1999 591 2064 ecclesiastica
618 2012 716 2085 patet.

458 2108 490 2171 4.
525 2106 695 2171 Catholica
713 2106 777 2170 tide
797 2116 965 2190 receptum
983 2116 1041 2184 est,
1068 2104 1235 2169 Christum
1250 2107 1367 2171 Jesurn
1382 2108 1506 2170 stiani-

371 2235 450 2277 num
482 2224 675 2296 regnantem
701 2216 735 2278 in
760 2212 859 2277 coelis
889 2234 959 2274 esse
984 2210 1182 2295 Supremam
1209 2210 1379 2276 Ecclesiae
1401 2213 1507 2278 Prin·

370 2320 477 2405 cipem
503 2333 534 2382 et
555 2321 734 2400 Pastorem,
759 2321 827 2405 qui,
853 2319 931 2383 dum
958 2320 1085 2381 vireret
1109 2320 1142 2381 in
1167 2321 1271 2398 terris,
1297 2341 1362 2383 non
1388 2318 1500 2394 solum

370 2427 584 2512 spiritualiter
623 2430 750 2492 interno
782 2428 964 2510 gratiarum
1005 2435 1037 2488 et
1067 2426 1227 2488 virtutum
1258 2425 1389 2488 influxu
1420 2404 1495 2490 earn

369 2533 586 2616 gubernavit,
623 2535 679 2599 sed
714 2535 812 2597 etiam
838 2531 1032 2612 visibiliter,
1070 2532 1166 2596 modo
1191 2531 1359 2614 docendo,
1396 2532 1491 2597 modo

369 2642 581 2726 increpando,
607 2642 704 2706 medo
729 2639 941 2721 corrigendo3
966 2638 1196 2723 rediturasque
1220 2638 1262 2702 ad
1280 2639 1427 2722 Patrem,
1449 2635 1487 2703 ad

368 2749 527 2832 optimum
553 2750 656 2826 Regni
689 2752 739 2812 sui
763 2748 1083 2812 adrainistrationem
1113 2743 1321 2827 sensibilem,
1354 2745 1484 2832 Aposto·

368 2854 473 2919 lorum
490 2856 689 2941 Principem,
715 2856 887 2918 Vicarium
913 2875 1008 2917 suum
1034 2875 1058 2916 s.
1076 2852 1210 2915 Petrum
1230 2853 1413 2932 constituit,
1438 2851 1483 2916 eni

367 2962 499 3048 plenam
536 2975 567 3027 et
602 2985 790 3049 supremam
831 2963 862 3024 iu
902 2960 1052 3024 Ecclesia
1088 2958 1227 3022 contulit
1261 2961 1484 3024 auctoritatem

369 3069 480 3152 (dean.
497 3071 549 3135 21.
570 3069 635 3154 18.)
652 3069 761 3155 ‹proad
785 3070 932 3146 regimen
949 3069 1104 3146 exterius,
1121 3088 1222 3151 quum
1240 3065 1294 3131 ille
1310 3068 1485 3150 gratiarum

367 3176 498 3240 influxu
514 3178 650 3239 interius
661 3198 791 3261 semper
800 3197 872 3237 eam
884 3174 1047 3257 gubernet
1063 3195 1100 3235 ac
1112 3185 1204 3252 regat
1216 3173 1349 3255 (Matth.
1363 3174 1416 3240 18.
1428 3171 1485 3260 10).

455 3285 487 3347 ὁ.
522 3283 634 3363 Quum
668 3294 778 3346 autem
812 3283 979 3345 llomanus
1005 3281 1159 3345 Pontifex
1192 3281 1235 3344 sit
1265 3283 1371 3345 sancti
1405 3281 1486 3346 Petri
1538 3267 1542 3338 l

367 3411 546 3470 successor,
571 3389 721 3470 eandem,
746 3411 845 3474 quam
865 3387 918 3452 ille
940 3388 1018 3452 dum
1037 3389 1132 3468 vixit,
1159 3389 1192 3451 in
1208 3386 1361 3453 Ecclesia
1375 3387 1488 3474 guber·
1537 3349 1542 3444 i

366 3496 478 3560 nanda
502 3496 872 3577 liabetanetoritatcn13
898 3518 996 3581 super
1019 3497 1128 3580 ipsum
1156 3496 1256 3576 enim,
1281 3494 1374 3559 velut
1395 3517 1491 3582 super
1540 3497 1542 3504 '

366 3615 493 3690 petram
527 3604 748 3668 firmissimam
775 3602 925 3667 Christus
956 3601 1139 3666 Ecclesiam
1175 3623 1270 3666 suam
1301 3601 1493 3668 aedificavit

366 3710 498 3797 (llatth.
528 3711 576 3776 16.
604 3711 687 3794 18.),
721 3710 798 3774 lmic
823 3709 934 3773 claves
957 3710 1062 3792 Regni
1089 3708 1253 3773 coelorum
1279 3709 1373 3774 dedit
1396 3707 1491 3794 (ibid.

367 3839 398 3882 v.
425 3816 509 3902 lit),
541 3818 618 3882 lmic
638 3820 754 3904 jussit,
784 3829 819 3881 ut
843 3840 946 3898 agnos
969 3828 1002 3881 et
1025 3838 1104 3880 oves
1128 3827 1277 3901 pasceret
1300 3816 1415 3904 (dean.
1438 3817 1492 3900 21,

369 3925 421 3988 15.
448 3926 499 3989 16.
526 3925 609 4010 18.),
641 3924 683 3988 ab
709 3927 779 4010 ipso
805 3924 910 3989 voluit
932 3924 1050 3987 fratres
1073 3922 1280 4002 confirmari,
1313 3923 1411 4009 cujus
1433 3923 1493 3988 uti·

366 4053 430 4117 que
462 4053 503 4095 ne
536 4030 689 4094 deficeret
714 4031 814 4112 tides,
849 4032 979 4094 Patrem
1012 4039 1187 4110 rogaverat
1215 4029 1311 4114 (Luc.
1335 4031 1397 4110 22,
1420 4029 1494 4114 32),

366 4161 450 4224 qrrac
482 4160 583 4224 quum
609 4139 721 4203 omnia
753 4148 918 4222 praestare
945 4136 1041 4200 modo
1074 4159 1099 4200 s.
1123 4136 1240 4199 Petrus
1271 4157 1338 4200 non
1372 4137 1495 4224 possit;

366 4245 454 4331 quod
479 4267 540 4308 nec
565 4244 684 4326 audiri,
710 4267 771 4307 nee
795 4244 901 4308 videri
927 4254 1035 4328 queat,
1060 4264 1195 4306 neccsse
1218 4252 1277 4325 est,
1301 4253 1339 4306 ut
1361 4241 1407 4308 ab
1423 4241 1497 4330 ejus

365 4352 609 4417 successoribus
638 4360 862 4437 praestentur,
897 4371 956 4435 per
983 4370 1065 4434 quos
1089 4347 1202 4412 adhuc
1232 4349 1268 4412 in
1291 4369 1354 4412 sua
1377 4347 1495 4414 sedere

365 4455 451 4522 Sede
482 4481 502 4521 a
534 4459 656 4522 sanetis
688 4455 843 4521 Patribus
875 4456 1007 4520 dicitur.
1144 4453 1298 4520 Christus
1327 4455 1498 4524 Dominus
