3725 5617
367 647 404 698 68
605 643 636 698 L.
656 644 678 698 1.
708 643 780 710 Q.1.
818 644 858 697 De
877 643 997 697 transitu
1016 644 1051 697 ed
1070 643 1153 698 ritum
1171 659 1260 712 graec.

370 787 527 851 tratribus
552 786 740 850 tarraelios
764 786 983 850 Disealceatis
1017 790 1050 850 in
1076 788 1189 871 Regno
1214 787 1348 850 Porciae
1378 787 1497 872 degen-

370 894 459 957 tibus
490 917 509 957 a
542 916 611 958 san.
649 915 746 956 mem.
772 893 907 956 Urbano
934 893 1026 956 VIII.
1053 896 1188 977 praevio
1214 893 1351 957 consilio
1377 893 1497 958 Sacrae

370 999 644 1084 Congregationis
661 999 834 1063 Generalis
851 1000 891 1062 tle
902 1001 1123 1084 Propaganda
1135 1000 1218 1063 Fide
1233 1000 1285 1062 (lie
1305 1003 1346 1062 17
1368 999 1497 1086 Aprilis

376 1111 469 1172 tom.
496 1129 688 1171 concessum
704 1108 812 1185 luerit.
831 1107 965 1170 llissam
985 1109 1018 1169 in
1035 1107 1149 1190 lingua
1166 1105 1312 1170 Arabica
1328 1105 1496 1170 celebrare

369 1216 414 1278 ad
444 1214 689 1279 consolationem
721 1213 916 1298 populorum.
951 1216 1005 1298 qai
1038 1216 1073 1277 u'n
1106 1237 1140 1275 eo
1171 1217 1279 1298 Ii'epuo
1310 1214 1497 1278 catholicam

364 1323 459 1406 'tidem
483 1331 695 1407 susceperant,
724 1331 820 1405 prout
845 1322 878 1383 in
903 1320 981 1383 folio
1006 1342 1136 1382 anucxo
1161 1331 1193 1382 et
1218 1321 1251 1383 in
1278 1323 1495 1385 missIonariis

370 1428 535 1511 (leorgiae
560 1438 705 1513 potestas
720 1427 808 1490 facta
826 1427 951 1502 fuisset,
978 1426 1167 1490 celebrandi
1185 1427 1319 1490 Missam
1338 1429 1497 1492 idiomate

369 1535 572 1619 Georgiano,
607 1535 632 1596 si
667 1534 699 1596 id
731 1536 955 1597 necessarium
994 1536 1172 1596 exstitisset
1203 1534 1245 1597 ad
1278 1535 1493 1599 obtinendam

369 1644 631 1726 tleorgianorum
656 1642 918 1716 conversionem,
945 1654 1042 1725 prom
1066 1643 1099 1703 in
1124 1641 1239 1704 eodem
1265 1641 1355 1707 tolie.
1397 1641 1492 1722 Quod

370 1771 446 1811 vero
472 1749 616 1833 praecise
641 1750 759 1811 attinet
781 1748 823 1811 ad
849 1770 962 1811 casum
988 1757 1145 1826 nostrum,
1172 1749 1490 1832 praestantissImum

369 1866 402 1918 et
425 1854 657 1940 quotidianum
682 1854 843 1918 habemus
868 1854 1057 1939 exculptam
1074 1877 1115 1916 ex
1131 1857 1259 1918 notorio
1278 1854 1412 1920 Indulto
1436 1877 1490 1942 pro

370 1961 543 2026 Ilonaclris
568 1961 703 2025 tlrdinis
728 1959 841 2024 Sancti
866 1961 980 2024 Basilii
999 1962 1112 2044 Magni
1139 1985 1158 2024 a
1182 1960 1333 2046 pluribus
1349 1963 1489 2026 Summis

370 2068 587 2132 Pontificibus
618 2090 772 2131 concesso
805 2078 837 2131 et
866 2079 1030 2153 postremo
1059 2092 1078 2131 a
1103 2069 1205 2133 Sacra
1230 2071 1489 2154 t'ongrcgatione

368 2177 412 2239 D.
438 2177 481 2238 D.
507 2173 736 2237 Cauliualium
768 2177 908 2258 negotiis
937 2187 968 2237 et
993 2175 1292 2239 consultationibus
1316 2176 1489 2263 Episcopo·

368 2304 439 2346 rum
466 2292 497 2344 et
515 2281 729 2364 Regularium
753 2284 919 2366 proposita
937 2282 990 2344 ‹lie
1009 2284 1059 2346 18.
1077 2283 1282 2368 Septembris
1297 2284 1378 2346 anni
1400 2283 1488 2346 loto.

368 2391 535 2472 recognito
561 2399 593 2450 et
617 2387 799 2472 approbato
824 2377 872 2451 uti
897 2413 916 2451 a
941 2412 1010 2454 san
1029 2411 1124 2453 inem.
1141 2389 1336 2453 Innocentio
1352 2391 1488 2453 Decimo

368 2496 421 2558 die
447 2497 477 2559 2.
494 2496 669 2559 Jannuarii
691 2496 785 2557 1649.
812 2496 1016 2574 confirmate,
1042 2496 1137 2579 eujus
1159 2499 1282 2576 vigore,
1307 2496 1387 2559 licet
1404 2517 1487 2581 prae·

368 2602 444 2664 fatis
469 2600 642 2664 Ilouachis
666 2625 685 2664 a
709 2602 810 2664 latino
836 2602 877 2665 ad
901 2625 1057 2680 graecum
1083 2604 1182 2666 ritum
1207 2604 1368 2674 transire,
1405 2601 1488 2689 quod

367 2708 501 2793 quidem
527 2711 552 2771 si
580 2730 637 2792 pro
656 2708 871 2793 particularia
896 2708 1075 2791 ltelipionie
1099 2711 1286 2772 incremento
1311 2721 1341 2772 et
1363 2711 1489 2796 priuato

371 2815 644 2898 c'trisa'fideliaa,
669 2817 723 2899 qui
747 2816 824 2878 dicti
852 2816 985 2878 (odiatis
1009 2815 1155 2878 aeclesias
1171 2817 1400 2902 frequentent,
1424 2841 1489 2880 cou-

367 2921 521 2985 solatioae
545 2912 720 2984 caucasea-m
736 2923 823 3007 ficit,
850 2921 953 2984 multo
978 2922 1096 2984 fortius
1121 2924 1152 2985 iu
1180 2935 1290 2986 nostro
1315 2945 1395 2987 casu
1420 2945 1489 2987 con·

368 3029 555 3092 cedendum
587 3041 752 3113 speratur.
786 3028 981 3108 urgentibus
1012 3029 1155 3113 publicis
1190 3041 1221 3092 ct
1251 3031 1489 3093 efficacissimis

368 3139 476 3200 carreis
501 3136 727 3199 conversionis
751 3134 997 3220 quamplurium
1016 3134 1223 3220 populorum,
1249 3157 1335 3221 quae
1361 3157 1489 3199 movere

367 3267 408 3306 ex
442 3242 552 3306 debito
579 3240 754 3304 Pastoralis
780 3241 891 3305 Officii
917 3241 961 3306 Ι).
987 3240 1198 3306 CardInaIcm
1233 3243 1274 3306 ad
1301 3253 1489 3328 praesentes

368 3373 481 3436 preces
513 3348 601 3434 apud
628 3348 844 3412 Sciret-itatem
879 3349 1029 3412 Vestram
1064 3349 1233 3413 humiliter
1266 3351 1489 3435 porrigendas.

457 3465 568 3545 Quare
593 3476 654 3528 etc.

412 3573 464 3657 (u.
493 3572 531 3636 L'.
557 3571 594 3634 B.
620 3594 674 3656 pp.
700 3571 902 3656 ata-mo).
1032 3573 1053 3636 J
1061 3571 1192 3656 oseph.
1217 3573 1404 3638 Lucinus.

414 3785 612 3851 IlrIriliitio
644 3785 906 3867 excranorum
932 3785 1082 3851 similis
1108 3784 1380 3852 concessionis
1413 3793 1450 3852 ct

697 3891 917 3957 instantiae
943 3892 1155 3957 conclusio.

584 4052 777 4114 Ileatissimo
804 4051 920 4116 Padre.

457 4184 601 4269 Esempii
625 4185 658 4247 di
675 4185 878 4247 concessioni
903 4185 1001 4246 simili
1019 4207 1038 4246 a
1056 4183 1174 4268 quella,
1200 4182 1262 4246 che
1282 4185 1308 4246 si
1327 4182 1493 4247 domanda

366 4291 443 4357 dull'
463 4292 675 4355 Eminentius.
701 4313 718 4352 e
744 4290 974 4353 Iteverendiss.
1000 4289 1068 4372 sig.
1095 4288 1194 4353 Card.
1219 4288 1252 4352 di
1278 4289 1449 4368 Colonitn,
1473 4309 1492 4352 o

365 4398 472 4462 anche
497 4400 553 4483 piu
578 4398 691 4461 ardue.

454 4523 528 4587 Non
554 4545 647 4609 pare,
681 4522 741 4585 che
767 4523 881 4585 verun'
899 4521 981 4585 altra
1008 4522 1143 4604 ragione
1174 4541 1272 4605 possa
1296 4519 1494 4584 difficoltare

366 4629 396 4696 Ia
428 4632 540 4716 grazia
573 4628 774 4693 demandata
808 4627 860 4691 dal
895 4628 1016 4712 Signor
1049 4627 1228 4691 Cardinale
1261 4625 1295 4690 ‹Ii
1332 4625 1493 4706 Colonitz,
