3725 5617
366 634 419 693 636
538 639 570 696 L.
589 639 641 694 III.
678 640 718 695 De
736 639 852 695 historie
870 639 998 694 eeclesiae
1015 639 1198 694 Romenomrn
1216 640 1321 694 unitae.

919 852 947 907 0.

389 962 439 1028 iix
468 960 656 1046 epistolis
687 960 778 1027 limi.
813 961 844 1027 P.
869 961 1018 1046 Ignatii
1042 961 1287 1047 seruosne),
1319 960 1482 1029 Vicarii

390 1066 591 1153 generalis
630 1066 815 1153 Episcopi
851 1067 1168 1153 Fogarasiensis‚
1210 1067 1257 1134 ad
1299 1067 1330 1135 P.
1366 1069 1482 1136 Joan.

391 1173 552 1259 Theoph.
583 1173 740 1259 Delpini
771 1174 800 1241 S.
825 1173 900 1255 J.²)‚
932 1175 1231 1242 missionarium
1264 1173 1482 1243 Caesareo-

390 1280 565 1366 R-eginm,
597 1285 635 1348 et
658 1281 990 1367 orphanotrophii
1013 1281 1116 1366 regii
1140 1281 1389 1349 cibiniensis
1416 1299 1482 1350 on·

705 1391 887 1455 ratonem.
928 1388 983 1470 (A.
1010 1389 1048 1452 E.
1073 1387 1154 1473 Tr).

475 1538 576 1602 Pater
598 1540 824 1603 amantissime
848 1549 881 1604 et
904 1539 986 1604 mihi
1011 1540 1300 1604 desideratissime.

461 1721 518 1737 ...
543 1669 794 1758 Contempletur
817 1673 882 1736 duo
900 1673 1042 1738 Unionis
1066 1685 1224 1752 extrema,
1250 1673 1394 1737 Latinos
1412 1671 1502 1736 vide·

369 1778 447 1843 lieet
489 1790 521 1842 et
556 1776 702 1843 Graecos
743 1780 865 1860 (unitos
902 1779 1074 1863 intelligo).
1128 1782 1222 1843 Deus
1256 1779 1501 1844 Paternitatem

370 1885 523 1950 Vestram
549 1889 629 1968 (non
653 1884 783 1973 adulor)
808 1885 907 1970 elegit
932 1887 1078 1951 medium
1096 1887 1234 1951 Latinos
1258 1887 1346 1949 inter
1372 1897 1408 1949 et
1433 1908 1500 1966 nos,

370 2014 430 2078 per
462 1992 551 2078 quod
574 2003 765 2078 operaretur
798 1992 874 2057 fidei
899 1996 1071 2058 unitatem.
1119 1994 1253 2058 Excitet
1276 1994 1394 2079 itaque
1431 1992 1502 2058 illos

371 2108 405 2163 et
427 2120 504 2179 nos,
529 2097 586 2163 ubi
612 2101 757 2162 maxime
780 2109 903 2184 potest3
923 2101 1039 2186 juvet,
1064 2100 1269 2181 corroboret,
1299 2121 1342 2164 ne
1368 2101 1502 2186 penitus

371 2207 492 2270 animis
517 2205 741 2270 concidamus.
767 2256 826 2272 ...

461 2331 613 2395 Viennae
636 2332 666 2395 3.
692 2330 774 2395 Julii
804 2333 898 2394 1767.

671 2455 852 2539 Ignatius
875 2454 1097 2536 Darabant‚
1122 2456 1277 2519 Vioarius
1300 2454 1480 2540 generalis.

534 2675 631 2739 Pater
655 2677 736 2741 mibi
761 2676 972 2760 singulariter
996 2676 1243 2741 colendissimo!

544 2802 637 2865 Deus
669 2814 842 2866 conservet
867 2803 1101 2866 Paternitatem
1127 2802 1280 2865 Vestram
1314 2800 1399 2866 mibi
1434 2823 1499 2864 cor·

372 2904 495 2970 dicitus
528 2929 658 2992 semper
688 2907 840 2972 dilectam
876 2909 988 2994 (quem
1022 2918 1132 2971 tamen
1157 2908 1313 2971 affectum
1343 2908 1410 2971 sibi
1441 2906 1498 2971 soli

372 3022 487 3076 notum
512 3012 601 3100 volo)
628 3025 661 3077 et
684 3016 759 3078 totis
785 3014 912 3077 viribus
938 3015 1094 3100 deinceps
1119 3037 1250 3101 quoque
1274 3013 1498 3099 diligendam!

405 3209 426 3279 ¹)
447 3214 507 3274 lpse
526 3220 566 3259 est
588 3214 616 3262 Ρ.
637 3212 754 3273 ignatius
774 3212 926 3271 Darabaut‚
946 3210 1166 3260 hieromonachus
1187 3210 1427 3268 Baldzssalreusis‚
1456 3212 1500 3275 qui

444 3284 478 3332 ad
493 3283 633 3332 ecclesiam
647 3282 823 3331 cathedralem
838 3284 1161 3344 Magno-Varadinensem
1176 3299 1194 3331 r.
1209 3299 1246 3344 gr.
1260 3291 1400 3345 promotus
1410 3291 1450 3331 est
1460 3297 1500 3334 sn.

449 3355 524 3417 1788,
534 3363 563 3403 ut
573 3355 675 3403 dicetur
685 3371 710 3418 p.
722 3355 782 3417 647.
802 3356 869 3402 Eum
882 3355 1030 3417 Episcopus
1042 3355 1186 3416 Gregorius
1198 3354 1283 3416 Major
1293 3353 1319 3401 in
1331 3353 1500 3402 conficiendo

445 3434 601 3474 testamento
627 3425 668 3473 bis
687 3426 795 3473 laudum
816 3427 989 3489 fortunaeque
1009 3426 1132 3488 praemiis
1161 3426 1187 3473 in
1207 3434 1306 3488 partem
1328 3425 1501 3474 haereditatis

444 3498 550 3546 vocavit
569 3513 637 3545 auno
661 3498 740 3560 1784:
762 3498 848 3559 Quum
870 3500 965 3545 Rmus.
980 3498 1099 3558 Ignatius
1118 3498 1210 3545 iterum
1225 3497 1348 3544 Vicarius
1368 3496 1501 3558 generalis

445 3569 509 3617 mihi
529 3584 574 3631 per
592 3570 738 3616 universam
758 3569 926 3632 episcopatus
947 3571 997 3617 mei
1017 3570 1269 3617 administrationem
1290 3567 1435 3631 plurimum
1455 3569 1501 3616 ad·

445 3641 553 3694 stiterit.
583 3640 626 3702 qui
647 3641 689 3687 die
709 3648 842 3703 noctuque
861 3640 942 3687 veluti
967 3640 1095 3688 luminare
1116 3640 1248 3702 quoddam
1268 3640 1392 3695 extabat,
1418 3648 1445 3688 et
1466 3640 1502 3687 uti

445 3712 604 3774 mancipium
631 3727 678 3774 pro
698 3720 771 3759 tauto
791 3711 899 3774 publico
925 3712 1098 3773 operabatur,
1125 3726 1154 3757 ac
1175 3725 1227 3757 una
1246 3711 1273 3757 in
1292 3711 1371 3758 vinea
1392 3711 1502 3758 Domini

445 3783 607 3838 desudabat,
636 3792 661 3830 et
686 3798 735 3844 ego
761 3783 784 3831 ei
811 3798 858 3845 pro
885 3784 964 3830 tantis
989 3782 1187 3845 operationibus
1213 3782 1265 3828 suis
1291 3782 1325 3828 ad
1351 3797 1503 3830 mensuram

445 3854 547 3901 solvere
572 3854 656 3916 impar
675 3854 782 3901 omnino
810 3854 861 3910 sui.
891 3855 917 3902 in
938 3854 1085 3917 symbolum
1112 3854 1283 3901 nibilominus
1310 3853 1361 3900 mei
1392 3868 1459 3915 erga
1477 3869 1504 3901 se

445 3940 547 3988 semper
566 3926 660 3972 sinceri
681 3926 777 3972 amoris
797 3939 827 3972 ac
847 3936 972 3988 paternae
992 3926 1189 3978 teneritudinis.
1219 3923 1339 3986 relinquo
1360 3925 1386 3972 ei
1407 3939 1504 3973 aureos

447 4007 488 4057 50,
508 3998 574 4044 duos
593 3997 654 4044 item
675 4011 689 4044 e
709 3997 773 4044 meis
792 3997 867 4059 equis
887 4005 912 4043 et
931 4013 1011 4044 unum
1031 4013 1076 4044 vas
1095 3997 1148 4044 vini
1163 3995 1373 4056 csergbdiensis.
1406 3994 1504 4062 (Apud

445 4067 593 4131 Cipariu‚
612 4069 675 4115 Acte
692 4071 716 4114 si
733 4069 891 4129 frrrgnrenrte,
912 4083 937 4130 p.
958 4067 1012 4131 48).

405 4142 427 4214 ¹)
448 4150 477 4195 P.
498 4150 643 4212 Joannes
664 4146 868 4210 Theophilus
889 4148 1038 4210 Delpiui,
1068 4146 1154 4194 clarus
1173 4148 1281 4193 omnino
1300 4151 1414 4194 naturae
1433 4149 1507 4196 doti·

445 4220 508 4274 bus.
528 4219 574 4266 sed
594 4220 698 4267 divinae
717 4220 817 4279 gratiae
837 4219 989 4266 muneribus
1007 4218 1087 4279 longe
1107 4218 1218 4273 clarior.
1244 4231 1338 4278 magno
1360 4218 1436 4276 zelo,
1457 4236 1506 4268 nec

445 4291 546 4338 minore
566 4290 651 4337 fructu
672 4290 768 4338 multos
787 4305 870 4337 annos
889 4290 978 4353 posuit
991 4289 1248 4337 'i'ransilvanicarurn
1269 4288 1388 4350 gentium
1408 4291 1509 4340 animis

445 4361 597 4409 excolendis
617 4362 809 4424 maximamque
828 4368 927 4424 partem
950 4361 1041 4408 habuit
1067 4362 1093 4408 in
1114 4361 1250 4408 fundando
1269 4359 1508 4426 orphanotrophio

445 4432 601 4483 Cibiniensi.
641 4435 704 4481 Post
723 4432 935 4495 suppressionem
956 4433 1096 4480 Societatis
1117 4434 1180 4496 Jesu
1207 4431 1289 4479 multa
1308 4430 1427 4481 collecta
1448 4435 1508 4483 ani·

445 4519 545 4551 mamm
572 4504 646 4563 fruge
665 4519 679 4551 e
699 4504 883 4552 Transilvania
909 4504 1044 4560 discessit,
1074 4505 1218 4551 canonicus
1239 4503 1383 4552 Nitriensis
1408 4520 1508 4554 renun-

444 4576 531 4631 tiatus,
552 4575 578 4622 in
598 4590 683 4638 eoque
703 4590 809 4623 munere
829 4576 898 4623 diem
919 4575 1013 4623 clausit
1033 4585 1175 4623 extremum
1196 4589 1292 4637 magno
1311 4574 1351 4622 sui
1367 4576 1508 4627 desiderio

444 4646 547 4697 relicto.
