3725 5617
477 627 546 681 1034
904 626 933 677 b.
954 626 1000 679 Vl.
1038 625 1168 692 Parerga.

475 769 583 822 brosnm
607 768 657 822 hoc
674 767 805 834 seriptum
829 767 913 821 fnisse
931 766 1003 821 omni
1022 772 1114 821 aetate
1141 765 1326 822 aSoeietatis
1346 766 1416 821 Jasu
1440 768 1549 822 inimicia
1563 767 1590 819 ad
1634 771 1637 818 ἐ

477 858 534 924 ejus
552 856 692 911 infamiam
710 857 846 924 editum¹).
878 856 948 910 Van
962 856 1054 910 Aken
1073 872 1127 909 non
1145 856 1234 909 minus
1252 858 1288 909 41
1309 856 1447 911 editiones
1466 867 1528 911 ante
1537 857 1591 911 illul

477 956 583 1014 tempus
603 946 686 1000 variis
711 947 739 1000 in
759 945 915 1013 regionibus
935 946 1071 1012 variisque
1090 944 1193 1013 linguis
1217 944 1308 999 factas
1336 945 1450 1000 exbibet
1468 946 1496 1000 in
1513 946 1592 999 eritiro

477 1036 667 1090 commentario
686 1036 730 1089 Lo
750 1036 824 1101 table
843 1036 891 1088 dea
907 1035 1037 1098 „illontia
1056 1035 1215 1102 secreto¹)·.
1229 1065 1263 1073 —
1285 1034 1391 1101 Quodsi
1409 1051 1471 1089 eum
1488 1035 1594 1089 omnibus
1635 1067 1637 1076 ·

477 1124 561 1189 bonis,
580 1124 757 1178 laudabilium
774 1124 926 1178 studiorum
944 1122 1064 1177 nationis
1076 1123 1215 1178 Romanae
1235 1123 1339 1189 amieis,
1360 1124 1468 1179 sincere
1483 1124 1594 1188 dolemus,

478 1213 547 1279 quod
573 1213 616 1267 vir
641 1213 799 1281 ingentibus
823 1213 852 1266 in
877 1228 933 1267 rem
952 1211 1103 1267 literarium
1122 1212 1305 1266 anenornm
1333 1214 1444 1267 meritis
1470 1213 1595 1283 insigniti

479 1319 544 1370 opus
563 1318 654 1368 suum,
674 1319 706 1356 ea
725 1305 753 1356 in
772 1314 864 1370 parte,
888 1309 946 1356 tum
965 1301 1033 1356 atris
1051 1301 1165 1356 maculis
1183 1301 1261 1356 foede
1279 1302 1497 1359 informaverit:
1525 1302 1597 1357 adme
1635 1361 1637 1366 ,

479 1391 666 1446 vehementius
685 1391 711 1445 id
731 1391 913 1459 deploramus,
942 1391 1012 1458 quod
1031 1405 1065 1443 ex
1083 1390 1160 1445 seriis
1179 1399 1289 1445 nostrae
1308 1393 1416 1446 aetatis
1435 1391 1597 1460 scriptoribus
1634 1405 1637 1450 l

478 1480 609 1534 anenis
634 1480 704 1544 sint,
733 1480 779 1546 qui
803 1496 833 1534 se
858 1481 971 1549 Georgii
991 1479 1080 1534 Sinoni
1107 1479 1242 1533 erroribus
1270 1481 1423 1536 inscientes
1449 1482 1550 1549 decipi,
1572 1482 1599 1535 de

479 1574 553 1621 recta
572 1568 780 1636 investigandae
793 1569 921 1623 veritatis
935 1568 980 1622 via
998 1568 1171 1636 inopinantes
1184 1568 1289 1632 abduci,
1308 1585 1471 1638 magnoque
1483 1571 1599 1625 scientiae

479 1656 624 1712 historicae
642 1658 739 1711 damno
758 1657 941 1725 imprudentes
959 1665 1145 1711 transversum
1164 1657 1212 1725 agi
1231 1658 1387 1725 patiantur.

513 1890 533 1952 ¹)
552 1892 579 1938 A
604 1890 656 1939 lide
682 1891 761 1954 plane
786 1891 924 1948 abhorret,
955 1893 1026 1955 qnod
1046 1892 1136 1939 Sincai
1164 1891 1190 1939 in
1215 1890 1298 1939 allato
1318 1901 1395 1940 textu
1421 1894 1458 1941 de
1478 1893 1599 1943 cardinali

553 1962 689 2026 Stephano
710 1964 809 2024 Borgia
828 1962 951 2021 affirmat,
971 1977 1030 2011 eum
1050 1962 1152 2011 seilicet
1172 1964 1275 2010 silonita
1294 1971 1399 2011 secretu
1419 1966 1449 2012 in
1470 1964 1599 2028 exemplari

552 2033 642 2096 aliquo
662 2035 840 2097 manuscripto
860 2035 1009 2098 posteritati
1028 2046 1188 2082 servaturum
1209 2034 1328 2096 Georgio
1349 2036 1445 2084 Sincai
1466 2038 1600 2086 mandare

551 2114 579 2152 nt
604 2105 725 2153 libellum
752 2105 820 2153 bene
845 2106 1069 2170 compingendam
1095 2113 1197 2154 curaret
1224 2105 1411 2155 bibliothecae
1438 2109 1552 2167 collegii
1577 2109 1602 2153 de

551 2179 731 2238 “r-opaganda
742 2177 802 2240 fide
820 2177 995 2228 inserendum.
1033 2176 1181 2241 Stephanus
1201 2177 1300 2239 Borgia
1319 2178 1408 2235 enim,
1430 2180 1479 2243 qni
1498 2195 1529 2227 eo
1548 2190 1601 2226 rem·

553 2263 617 2311 pore
637 2263 703 2295 nnus
722 2257 778 2296 erat
797 2263 829 2295 ex
847 2248 1031 2296 eruditissimis
1045 2247 1248 2297 consultoribus
1261 2248 1493 2311 Congregationis
1507 2251 1601 2304 luditis

554 2334 638 2367 rerum
665 2335 768 2367 suarum
797 2335 849 2367 non
875 2320 942 2367 adeo
976 2320 1091 2368 insciens
1120 2326 1189 2377 erat,
1217 2327 1247 2367 nt
1270 2333 1331 2368 enm
1359 2320 1448 2369 latere
1479 2324 1603 2387 potuisset,

553 2390 745 2439 calumniosum
770 2390 891 2439 libellum
911 2392 989 2439 toties
1007 2391 1061 2453 jam
1081 2392 1150 2454 typis
1168 2391 1282 2451 editum,
1310 2390 1355 2439 vel
1382 2393 1410 2441 in
1432 2394 1522 2458 ipsum
1541 2405 1601 2441 cata·

553 2461 643 2524 logum
671 2462 798 2510 librorum
828 2478 843 2510 a
868 2463 1081 2525 congregatione
1110 2462 1210 2511 Indicis
1235 2461 1454 2526 prohibitorum,
1483 2481 1536 2514 non
1560 2466 1601 2512 rti-

554 2547 605 2596 que
625 2548 704 2581 manu
723 2534 895 2598 scriptorum.
924 2534 970 2582 sed
990 2533 1065 2598 prelo
1085 2548 1236 2582 excusorum
1264 2542 1345 2598 atque
1366 2536 1393 2584 in
1414 2535 1506 2585 lucem
1525 2536 1601 2601 publi·

554 2618 611 2651 cam
632 2604 795 2666 emissorum,
814 2620 936 2669 expresse
956 2605 1066 2653 relatum
1085 2606 1205 2653 inveniri.

512 2677 534 2745 9)
554 2684 634 2732 Extat
659 2684 686 2732 in
699 2684 777 2732 Actis
801 2685 924 2734 literariis
944 2687 1033 2734 Prdcis
1056 2687 1229 2749 historiques,
1254 2693 1272 2738 t.
1292 2697 1353 2745 30..
1380 2703 1427 2751 pp.
1450 2687 1601 2748 261-284.

553 2754 704 2817 sta-365,
724 2756 874 2820 432-446.
912 2757 1058 2816 Bruxelles,
1081 2757 1156 2807 1881.

513 2829 536 2898 ⁸)
557 2835 688 2896 Georgius
708 2836 798 2885 Sincai
823 2838 890 2886 adeo
909 2838 978 2887 bene
1003 2839 1035 2886 de
1056 2853 1082 2886 re
1100 2838 1217 2887 literaria
1235 2840 1346 2897 meruit,
1372 2851 1401 2888 nt
1427 2857 1489 2890 cnm
1509 2840 1600 2889 dnobus

554 2906 614 2954 aliis
633 2907 816 2956 sacerdotibus
832 2910 1103 2967 meno-catholicis,
1123 2913 1203 2960 Petro
1217 2910 1322 2958 blaioru
1337 2920 1363 2959 et
1378 2912 1506 2962 Samuele
1519 2912 1598 2962 Klein.

554 2977 701 3025 honorifico
727 2979 803 3027 titulo
829 2982 940 3046 lutiserr'
956 2984 983 3027 in
1006 2982 1173 3041 firmamento
1194 2998 1320 3029 ramerum·
1338 2986 1504 3032 literaturae
1520 2981 1597 3047 appel·

553 3048 621 3096 letur
647 3051 703 3106 (trei
723 3050 828 3099 luciferi
854 3067 900 3114 pre
919 3051 1112 3100 firmamentulu
1137 3053 1292 3101 litteraturei
1319 3055 1456 3120 romine),
1486 3055 1598 3119 quemad·

554 3121 659 3168 modum
680 3122 777 3184 passim
798 3123 922 3170 traditum
943 3124 1092 3186 accepimus
1111 3125 1137 3173 in
1158 3126 1281 3172 :innalr'le
1299 3126 1345 3175 cit.
