3725 5617
997 2025 1039 2095 V.

543 2169 656 2251 Fides,
678 2191 738 2255 per
760 2167 935 2233 infallibile
959 2167 1131 2233 Ecclesiae
1148 2169 1375 2252 magisterium
1400 2169 1582 2255 proposita,

452 2278 554 2342 unica
591 2277 725 2341 omnino
765 2274 948 2363 eademque
985 2274 1075 2361 apud
1109 2297 1223 2339 omnes
1261 2297 1331 2338 esse
1370 2273 1487 2358 debet,
1522 2277 1583 2361 qui

455 2381 579 2448 Christi
612 2405 731 2469 corpus
763 2384 961 2447 constituere
992 2392 1025 2446 et
1054 2384 1089 2446 in
1121 2382 1220 2446 unico
1252 2382 1323 2467 ejus
1353 2380 1433 2446 ovili
1464 2382 1584 2445 vivere

454 2498 630 2575 exoptant3
661 2489 885 2553 ecclesiastica
909 2510 988 2553 vero
1013 2488 1190 2574 disciplina
1221 2510 1279 2574 pro
1304 2510 1413 2552 rerum
1437 2511 1478 2553 ac
1502 2501 1582 2553 tem·

453 2616 572 2683 porum
596 2596 766 2677 varietate,
791 2596 862 2659 sive
881 2617 940 2680 pro
963 2595 1096 2660 diversa
1115 2594 1300 2659 illustrioris
1321 2594 1462 2681 alicujus
1479 2595 1583 2660 eccle·

453 2703 522 2768 siae
545 2701 724 2767 traditione
747 2723 787 2765 ae
812 2702 1053 2766 consuetudine
1072 2712 1244 2766 externam
1266 2700 1368 2765 veluti
1385 2703 1582 2766 varietatem

453 2830 521 2874 non
544 2809 681 2895 respuit.
801 2808 833 2872 A
857 2808 943 2874 Sede
966 2808 1159 2895 Apostolioa
1183 2810 1290 2873 omnis
1318 2808 1418 2896 plane
1441 2830 1521 2872 cura
1547 2812 1582 2873 in

454 2937 492 2980 eo
517 2914 677 2980 collocata
701 2909 778 2996 fuit,
804 2924 840 2979 ut
863 2917 946 2979 ritus
970 2915 1139 2981 orientalis
1248 2914 1428 2979 inviolatus
1452 2915 1580 2979 firmus·

453 3045 517 3110 que
552 3032 719 3105 maneret,
756 3021 1036 3107 quemadmodum
1073 3033 1106 3086 et
1139 3021 1331 3107 disciplina,
1368 3042 1468 3108 quam
1504 3032 1583 3086 ante

453 3129 598 3194 schisma
631 3127 817 3195 Orientales
852 3128 1031 3193 servabant
1065 3139 1097 3192 et
1131 3127 1388 3215 profitebantur,
1429 3150 1583 3214 quaeque

453 3236 655 3301 venerandis
689 3238 835 3321 ipsorum
867 3237 1013 3322 antiquis
1045 3234 1188 3320 liturgiis
1221 3259 1260 3299 ac
1287 3235 1464 3299 ritualibus
1498 3236 1584 3299 inni·

453 3345 544 3426 titur,
568 3342 722 3429 religiose
746 3342 976 3433 custodiretur.
1003 3393 1061 3409 ...
1100 3342 1197 3425 Quod
1212 3341 1430 3407 libentissimo
1447 3362 1583 3426 prorsus

454 3452 565 3516 animo
589 3451 754 3537 praestitit
782 3450 882 3513 etiam
906 3449 987 3514 Pius
1011 3450 1076 3514 ΡΡ.
1101 3450 1180 3531 lX.,
1214 3449 1421 3514 decessorum
1446 3470 1584 3513 suorum

453 3559 597 3622 eximius
620 3556 820 3637 aemulator,
853 3559 978 3642 quippe
1002 3557 1059 3643 qui
1084 3596 1127 3604 -
1151 3578 1238 3620 nova
1262 3554 1486 3621 ecclesiastiea
1509 3576 1583 3640 pro-

453 3666 567 3729 vincia
591 3662 854 3729 Alba-Juliensi
886 3665 1036 3728 instituta
1060 3702 1103 3711 -
1127 3662 1292 3749 explicate
1321 3661 1512 3742 mandavit,
1545 3671 1586 3724 ut

454 3772 560 3836 forma
595 3781 693 3857 atque
718 3770 960 3834 administratio
992 3770 1036 3835 ad
1059 3772 1158 3834 ritum
1183 3779 1215 3833 et
1239 3768 1451 3855 disciplinam
1475 3770 1583 3833 orien-

453 3876 529 3941 talis
563 3876 722 3941 ecclesiae
755 3878 952 3961 exigeretur.
1084 3875 1250 3963 Equidem
1284 3874 1459 3940 Sanctitati
1493 3874 1585 3940 Suae

454 3982 539 4050 nihil
564 3994 614 4048 est
637 3985 757 4070 potius,
783 4005 882 4070 quam
906 3993 944 4046 ut
968 3982 1144 4069 disciplina
1168 3983 1336 4047 orientalis
1360 3984 1395 4047 in
1411 4004 1471 4046 sua
1495 3984 1585 4067 puri·

418 4118 423 4137 ·
454 4101 521 4157 tate
555 4092 668 4176 vigeat
699 4113 739 4155 ac
772 4100 932 4155 servetur.
980 4090 1051 4178 (Ex
1084 4089 1213 4155 literis
1245 4090 1278 4158 S.
1313 4088 1502 4175 Congreg.
1537 4088 1585 4153 de

452 4197 716 4285 Propaganda
739 4197 820 4262 fide
844 4197 891 4263 ad
915 4197 1211 4284 Metropolitam
1235 4194 1585 4263 Alba-Juliensem

455 4305 487 4373 d.
512 4305 544 4371 d.
569 4306 622 4372 28.
647 4305 737 4371 Jun.'
754 4303 865 4391 1858).

885 4536 1152 4555 &AIWVNIWNM
