3725 5617
372 645 442 700 1040
488 655 492 660 '
790 644 828 708 L.
848 644 896 697 Vl.
934 643 1064 713 Parerga

442 859 490 913 Ad
508 874 584 927 pag.
604 860 677 913 793.
697 890 729 898 -
751 859 796 912 lle
814 856 1236 912 missionibusCroatiae
1255 871 1293 912 es
1311 858 1485 912 Slaroniae

371 948 432 1002 sub
452 948 481 1003 P.
501 947 640 1003 Andrea
657 946 851 1012 Horvathb.

513 1073 587 1127 Nihil
611 1073 706 1127 deerat
730 1071 921 1140 capacissimae
948 1070 1048 1124 mentis
1072 1079 1102 1125 et
1121 1072 1284 1140 amplissimi
1311 1073 1413 1141 ingenii
1430 1073 1487 1126 tiro.

371 1162 436 1229 quin
455 1170 517 1231 post
535 1176 644 1217 emensa
662 1166 691 1215 et
708 1176 809 1230 magua
828 1159 1059 1215 commendatione
1077 1160 1168 1228 palam
1188 1167 1366 1229 propugnata
1383 1161 1487 1215 omniun

371 1252 536 1306 severiorum
564 1250 739 1305 scientiarum
768 1265 882 1314 arcana,
910 1248 945 1302 sd
973 1249 1067 1304 eadem
1094 1250 1123 1303 in
1148 1249 1333 1304 celeberrimis
1351 1250 1488 1305 Acndmiis

371 1341 542 1410 explananda
566 1340 769 1404 admoveretur,
798 1339 851 1393 nisi
876 1354 977 1392 arcana
995 1338 1111 1405 quadam
1129 1338 1158 1392 ri
1185 1338 1298 1407 impulsi
1322 1340 1489 1395 moderatores

370 1429 485 1483 multum
504 1429 573 1483 bono
586 1428 719 1483 communi
738 1428 909 1482 decessurum
929 1427 1114 1493 credidissent,
1133 1428 1157 1482 si
1171 1444 1203 1482 eo
1216 1428 1285 1492 zelo,
1304 1445 1338 1483 ea
1349 1429 1489 1498 prudentia

370 1519 487 1572 caritate
507 1523 534 1572 et
554 1517 673 1572 laborum
693 1516 841 1571 tolerantia
853 1516 898 1570 vir
916 1516 990 1570 inter
1007 1516 1132 1584 privatos
1149 1516 1273 1584 parietes
1291 1519 1488 1573 conderetur.-

371 1607 463 1675 lgitnr
488 1613 549 1674 post
568 1607 698 1661 traditam
718 1606 838 1660 triennio
857 1604 1053 1674 philosophiam
1071 1604 1225 1675 Zagrsbiae
1254 1607 1420 1662 solemnibus
1436 1623 1489 1674 om·

370 1704 433 1749 tuor
462 1696 533 1749 votis
552 1696 682 1750 Societati
707 1710 777 1749 auno
798 1695 868 1749 1694
896 1694 1058 1749 adstrictum
1076 1693 1254 1750 Essekinensi
1284 1696 1407 1750 missioni
1423 1712 1490 1763 supe

371 1786 468 1839 riorem
487 1785 596 1848 dedere,
620 1800 700 1851 quam
719 1784 765 1839 ille
784 1783 952 1852 provinciam
971 1782 1166 1837 turbatissimis
1184 1783 1240 1837 illis
1260 1785 1427 1854 temporibus
1443 1795 1490 1838 tau

370 1874 518 1940 prudenter
543 1890 575 1929 ac
594 1873 713 1928 feliciter
730 1874 809 1927 annis
828 1874 952 1942 pluribus
976 1872 1078 1942 gessit,
1106 1881 1137 1926 nt
1157 1879 1186 1927 et
1205 1873 1332 1943 insigues
1360 1876 1387 1929 in
1405 1875 1492 1943 populo

371 1965 559 2017 conversiones
585 1966 701 2028 iaceret,
730 1969 759 2017 et
778 1979 834 2018 rem
863 1963 974 2031 insuper
992 1962 1186 2018 oeconomicam
1212 1964 1415 2018 aoeessiouibus
1436 1980 1492 2018 aare

371 2052 480 2120 maguis
510 2059 633 2121 augeret.
660 2084 693 2093 —
720 2052 860 2120 Quumque
887 2052 959 2121 apud
984 2052 1106 2106 Ermum.
1134 2052 1372 2119 clarissimumque
1398 2053 1491 2108 beroen

371 2140 522 2196 Gnidonem
547 2139 771 2210 stamberginm,¹
795 2141 922 2209 praesidii
951 2148 1017 2195 tunc
1035 2140 1221 2194 Essekincnsis
1248 2149 1279 2195 et
1307 2142 1428 2197 universi
1444 2143 1492 2196 su·

375 2229 472 2284 roniae
491 2231 571 2299 regui
589 2232 753 2299 praesidem,
782 2231 815 2284 ob
833 2231 983 2299 insignem,
1011 2245 1092 2296 quom
1110 2230 1138 2284 in
1158 2230 1188 2283 P.
1206 2231 1321 2285 Andree
1340 2230 1491 2300 suspiciebat

371 2318 503 2373 uirtutem
529 2336 587 2374 cum
608 2320 746 2387 praeclaro
764 2320 823 2374 zelo
841 2319 1039 2386 prudentiaque
1057 2318 1245 2387 conjunctam,
1273 2320 1394 2375 multum
1411 2322 1493 2389 gratis

373 2407 464 2461 valere
483 2424 512 2462 se
532 2416 667 2474 cerneret,
692 2409 743 2462 hec
761 2415 817 2464 tam
837 2425 970 2477 propensa
989 2408 1041 2463 viri
1066 2408 1137 2462 tanti
1156 2408 1304 2464 voluntate
1328 2426 1384 2465 uon
1402 2410 1435 2464 sd
1450 2425 1493 2462 aus

371 2497 521 2561 commoda,
550 2498 596 2551 sed
616 2499 650 2551 ad
668 2513 750 2552 unam
768 2498 818 2553 Dei
837 2498 954 2567 gloriam
973 2505 1001 2553 et
1020 2497 1171 2552 animarum
1190 2497 1308 2553 salutem
1328 2515 1411 2558 naus,
1435 2499 1493 2551 adeo

371 2600 483 2651 pronum
503 2586 531 2639 in
551 2601 600 2639 sna
619 2595 684 2640 vota
703 2587 792 2641 herois
811 2588 929 2641 animum
949 2586 1059 2651 babuit,
1085 2595 1129 2649 ut,
1155 2587 1287 2654 quithtrisl
1306 2588 1343 2641 ab
1362 2605 1394 2643 eir
1411 2597 1494 2657 petere

371 2673 401 2727 Ρ.
423 2674 544 2738 Andreas
571 2675 699 2741 auderet,
727 2677 754 2730 id
773 2692 851 2730 omne
876 2676 982 2744 prolixa
1000 2675 1045 2730 ille
1063 2676 1255 2730 benevolentia
1279 2679 1444 2732 concederet
1462 2706 1489 2715 -

370 2762 563 2828 IudeRector
586 2764 739 2833 Zagrabiae
764 2765 937 2819 renuntiatus
965 2765 1122 2834 magnificas
1147 2755 1247 2819 ibidem
1273 2765 1381 2819 scholas
1405 2768 1489 2820 erexit.

370 2862 397 2905 et
426 2852 562 2906 triennale
587 2852 705 2907 officium
733 2870 793 2907 cum
812 2853 964 2908 incredibili
991 2859 1142 2907 nostrornm
1170 2869 1256 2921 aeque
1285 2871 1317 2908 ac
1346 2864 1488 2910 extemrum

369 2940 559 2994 satisfactione
578 2941 708 3009 explevit.
727 2974 760 2982 -
787 2943 910 3011 Poiegae
929 2943 1026 2997 deinde
1044 2942 1170 3010 Superior
1188 2944 1285 3007 datus,
1311 2957 1423 3013 praeter
1439 2947 1488 2996 sni·

369 3044 471 3081 morum
491 3030 641 3094 commoda,
666 3031 762 3097 quibua
785 3032 828 3085 die
847 3040 981 3097 noctuque
999 3032 1083 3084 Pater
1101 3032 1218 3100 optimus
1237 3033 1415 3100 invigilavit,
1441 3047 1487 3085 reu

369 3118 480 3185 iristtper
507 3117 668 3172 familiarem
697 3118 731 3171 iis
755 3119 951 3174 accessionibus
979 3120 1070 3182 nuxit,
1099 3126 1131 3172 nt
1154 3120 1211 3188 jam
1241 3129 1301 3174 tum
1330 3138 1392 3190 spes
1418 3133 1488 3176 esset.

368 3206 532 3260 ‹lornicilinur
560 3207 626 3260 illud
652 3208 758 3261 reddita
782 3209 864 3262 terris
889 3225 953 3276 pace
979 3209 1132 3277 privilegiis
1158 3209 1344 3276 Collegiomm
1369 3212 1486 3264 donatum

369 3296 412 3349 iri.
440 3325 471 3334 —
499 3295 530 3348 Iu
551 3297 644 3349 eadem
664 3296 778 3350 civitate
797 3298 928 3351 sodalium
948 3297 996 3351 sul)
1016 3298 1098 3353 titulo
1117 3298 1293 3365 agonizantis
1313 3300 1419 3353 Ilonrini
1437 3315 1486 3351 a*

368 3395 426 3437 tum
452 3384 610 3449 collocarit,
639 3385 714 3452 ctrjus
739 3387 909 3440 sanctissimo
936 3387 993 3454 ejus
1018 3386 1127 3440 conatui
1153 3389 1279 3453 quarnris
1304 3389 1421 3446 interint.
1446 3388 1484 3453 qni

368 3473 548 3540 maximopere
567 3473 789 3538 adversarentur,
809 3483 898 3529 tamen
919 3492 936 3528 a
954 3476 1065 3529 consilio
1085 3475 1142 3538 ille,
1162 3476 1239 3542 cnjus
1259 3477 1374 3530 exiurins
1393 3479 1483 3531 smera·-

367 3563 456 3615 animo
475 3568 659 3630 praeceperat,
679 3564 773 3618 deduci
792 3579 928 3630 nunquam
948 3581 977 3619 se
996 3580 1089 3633 passus
1109 3572 1164 3630 est,
1192 3575 1221 3617 et
1241 3581 1307 3619 sero
1327 3578 1407 3620 tauta
1424 3582 1483 3618 nune·

367 3652 521 3717 frequentin
539 3667 616 3704 sacra
635 3651 786 3706 tribunalia
804 3652 911 3707 fervent
928 3653 1076 3707 Dominicis
1095 3652 1162 3717 illis,
1181 3669 1252 3719 qrrae
1272 3656 1299 3709 in
1321 3672 1422 3710 incuses
1437 3656 1480 3707 sin·

368 3741 446 3796 erulos
465 3739 645 3794 conrrntrnioni
664 3741 788 3809 generali
808 3757 840 3795 ex
860 3750 952 3795 coetus
971 3742 1051 3809 hujus
1069 3742 1237 3810 praescripto
1256 3744 1440 3812 designantur.
1456 3753 1479 3794 ut

367 3828 394 3880 iu
414 3828 483 3881 diem
504 3829 619 3882 altemm
640 3830 754 3883 Patrnm
773 3839 925 3884 nostrornm
945 3830 1048 3885 retrahi
1074 3830 1112 3884 sit
1130 3845 1239 3884 neccsse
1258 3832 1435 3900 diligentiam
1451 3859 1477 3869 -

366 3915 619 3988 Claudiopolitanae
647 3918 775 3985 posthaec
800 3919 903 3982 domui,
932 3925 961 3973 et
986 3920 1090 3973 cunctis
1114 3934 1163 3987 per
1180 3918 1293 3974 Daciam
1323 3920 1478 3975 urissiouilna

366 4004 465 4056 nostris
490 4020 614 4071 praeesse
635 4007 728 4074 jussus
752 4008 780 4061 in
806 4022 837 4061 eo
864 4023 974 4062 ninnere
1000 4008 1089 4076 plnres
1114 4024 1198 4062 anuos
1229 4011 1336 4077 posuit.
1365 4021 1477 4079 perpetua

366 4092 538 4145 ailrersorum
558 4102 586 4147 et
605 4095 790 4149 calamitatum
809 4097 885 4150 serie.
907 4136 956 4151 ...
993 4097 1035 4158 (B.
1056 4097 1085 4150 P.
1104 4097 1137 4149 V.
1159 4099 1266 4167 12121).

400 4325 418 4392 ¹)
439 4328 492 4375 Cir.
514 4345 591 4391 supra
612 4345 655 4392 pp.
681 4332 826 4391 185-188.
