3725 5617
596 681 635 735 De
654 681 779 735 missione
798 680 930 735 castrensi
950 680 1029 733 Prov.
1048 678 1193 734 &homine
1211 679 1237 732 S.
1256 678 1282 733 J.
1435 677 1505 732 1047

374 823 455 878 intra
475 822 572 877 loricas
591 838 638 878 seu
658 824 787 891 aproobas
813 834 841 877 et
860 821 1141 876 circumvallationum
1159 821 1245 876 lineas
1264 820 1388 875 obsessae
1403 820 1505 882 Budae,

374 913 445 981 quia
463 912 570 981 saepius
589 914 706 981 primum
729 928 788 967 cum
808 912 909 981 gaudio
927 911 1069 979 conspexit
1087 926 1171 965 unum
1198 910 1231 964 de
1249 908 1428 964 missionariis
1446 923 1506 962 nos-

373 1002 431 1057 tris
449 1001 640 1057 Samnisdmus
657 1004 721 1056 Dux
739 1001 938 1070 Lotbaringiao
957 1000 1069 1055 Carolus
1092 998 1277 1057 functionibus
1295 998 1506 1053 sacerdotalibus

374 1095 520 1147 ferventer
537 1092 721 1156 desudantem,
740 1090 811 1144 hunc
829 1090 943 1144 eundem
962 1090 1136 1155 sacerdotem,
1154 1105 1215 1143 oum
1233 1088 1330 1143 ultimo
1348 1088 1442 1142 Budoe
1460 1102 1505 1141 ex·

373 1187 522 1251 pugnatas
539 1179 611 1235 felici
630 1180 745 1244 assultu,
763 1180 839 1234 intra
857 1179 951 1233 urbem
971 1180 1057 1247 ipsam
1076 1179 1149 1234 inter
1161 1184 1327 1232 armatorum
1346 1192 1442 1231 cuneos
1462 1176 1505 1229 de·

373 1271 476 1335 latum,
502 1270 650 1323 studiosius
678 1268 855 1337 exploratum,
883 1268 918 1322 ad
937 1283 965 1322 se
984 1268 1065 1322 acciri
1084 1267 1151 1322 fecit
1170 1268 1232 1321 Dux
1250 1266 1449 1330 serenissimus,
1477 1274 1506 1319 et

374 1359 495 1428 gravius
514 1359 595 1412 laesis
609 1358 778 1412 Christianis.
798 1357 914 1420 evellis,
934 1373 968 1411 ox
980 1357 1047 1411 urbo
1065 1358 1125 1425 ipso
1139 1357 1196 1424 jam
1215 1362 1303 1424 cepta,
1322 1353 1508 1423 comportatis.

373 1448 506 1503 ultimum
525 1447 651 1503 caritatis
674 1447 830 1514 obsequium
856 1447 990 1501 commisit
1015 1446 1239 1513 impendendum
1265 1452 1298 1499 ut
1325 1444 1453 1499 nimirum
1476 1444 1506 1498 in

373 1539 539 1594 constitutis
554 1538 612 1606 jam
630 1537 740 1605 praevie
758 1535 847 1590 tribus
865 1535 937 1590 hunc
955 1537 984 1590 in
1002 1552 1080 1590 usum
1097 1535 1228 1600 curribus,
1247 1534 1385 1603 dirigente
1403 1539 1504 1598 nostro,

374 1627 413 1683 ad
435 1642 515 1682 ouum
534 1627 646 1694 qmsque
665 1626 794 1695 regimen,
820 1626 913 1680 ordine
941 1642 973 1679 ac
992 1626 1068 1679 modo
1087 1626 1189 1692 optimo
1207 1624 1392 1679 deveheretur.
1432 1621 1507 1689 Quae

374 1715 518 1783 expeditio
537 1715 684 1769 caritativa
702 1730 787 1782 usque
805 1714 840 1768 ud
858 1714 1015 1768 concubium
1034 1720 1139 1769 noctem
1169 1714 1275 1782 (utpote
1293 1712 1507 1780 permaximum

374 1811 530 1860 castrorum
555 1803 764 1858 chnstiauorum
789 1804 909 1858 ordinem
929 1806 1046 1872 prinus.
1074 1804 1120 1858 vix
1138 1819 1192 1857 non
1213 1802 1428 1870 triumplialibus
1447 1815 1506 1855 cur·

374 1894 455 1949 ribus
473 1893 508 1947 ad
525 1894 631 1947 Budam
649 1893 729 1961 actis)
749 1892 803 1946 luit
821 1899 968 1960 protracta.

452 2000 553 2054 Eadem
573 1999 702 2068 religiosa
721 1999 821 2053 caritas
839 2006 901 2065 post
920 2014 1074 2066 prosperam
1085 1998 1229 2066 Szegedini
1248 1998 1458 2067 occupationem,
1477 1997 1506 2050 in

375 2088 531 2156 perfrigida
549 2088 731 2157 rigidissimae
750 2089 845 2143 hiemis
864 2095 1053 2156 praematurae
1073 2087 1185 2151 itinere,
1208 2088 1243 2141 ad
1262 2086 1376 2142 hiberna
1393 2102 1506 2140 marma·

375 2185 499 2242 rostaua,
518 2194 552 2231 ue
571 2178 746 2246 pereuntibus
766 2178 858 2232 multis
877 2179 968 2246 plures
987 2178 1106 2231 virorum
1119 2177 1249 2244 perirent,
1268 2176 1314 2243 qui
1333 2175 1507 2230 infirmitates

374 2282 411 2321 ax
430 2267 569 2321 dinturnis
588 2267 757 2321 miseriarum
777 2267 951 2332 laborumque
970 2265 1139 2320 conflictibus
1157 2282 1246 2320 sectum
1276 2263 1433 2319 deferebant
1457 2263 1507 2317 mi·

374 2356 440 2420 seri,
460 2356 568 2423 saepius
586 2363 736 2424 opportune
755 2356 867 2424 supplex
887 2356 962 2409 lucta
980 2355 1042 2419 luit,
1063 2361 1095 2409 ut
1113 2355 1211 2408 saltem
1230 2354 1339 2408 locellus
1358 2358 1431 2406 tecto
1450 2368 1506 2405 mu·

374 2445 463 2510 uitus,
491 2444 537 2498 nbi
563 2445 628 2514 igne
652 2444 739 2498 foveri
765 2445 926 2499 commodius
955 2444 1051 2499 liceret
1078 2460 1221 2513 aegrorum
1240 2443 1507 2510 defatigatorumque

373 2533 505 2597 membra,
528 2534 551 2587 si
570 2550 624 2587 non
643 2550 754 2602 corpora
773 2540 833 2588 tota
849 2534 906 2601 jam
924 2549 1007 2602 prope
1026 2540 1150 2588 emortua
1175 2523 1379 2600 impetraretur:
1410 2530 1506 2597 quibus

373 2622 554 2678 sublevandis
573 2639 620 2691 per
638 2622 739 2676 itinera
757 2623 897 2682 militaria.
931 2638 1016 2689 equus
1035 2623 1160 2691 proprius
1179 2620 1343 2682 insideudns,
1375 2635 1435 2673 cnm
1460 2619 1507 2672 ad·

375 2700 514 2767 stantium
534 2712 720 2776 admiratione,
740 2712 928 2766 comitantium
948 2713 1034 2774 laude,
1055 2712 1204 2765 fruentium
1217 2710 1415 2772 commoditate,
1434 2707 1506 2762 debi-

375 2802 447 2856 lium
475 2801 608 2855 levamine
634 2802 743 2868 saepius
771 2802 972 2856 concedebatur.
1010 2801 1128 2855 Indrmis
1156 2801 1200 2855 die
1227 2806 1361 2866 noctuque
1389 2799 1447 2852 sive
1474 2798 1507 2851 de

377 2889 491 2958 proprio
509 2890 567 2943 sive
586 2890 618 2943 de
638 2890 734 2943 alienis
753 2890 913 2959 legionibus.
940 2890 1060 2957 impensa
1079 2897 1188 2957 praeter
1207 2889 1334 2955 obsequia
1352 2886 1507 2956 spiritualia

376 2978 520 3033 medicinis
539 2979 673 3046 congruis.
692 2979 824 3032 Theriaca
843 2979 1002 3045 praesertim
1015 2979 1131 3046 Egrensi
1152 2979 1372 3043 eleeruosyneque
1391 2976 1505 3029 subven-

375 3078 452 3122 tum:
481 3069 587 3134 quulem
606 3075 719 3135 paratae
739 3068 868 3135 pecuniae
892 3083 963 3121 unus
988 3069 1111 3121 sacerdos
1137 3077 1230 3121 noster
1247 3067 1391 3119 dummxat
1416 3064 1507 3118 distri·

376 3157 441 3211 buit
459 3156 620 3211 florenorum
640 3157 823 3211 Rhenensinm
842 3164 950 3210 centum
978 3156 1179 3225 quinquaginta
1204 3171 1334 3209 summam
1353 3154 1507 3222 suppedita-

376 3254 437 3300 tam
457 3262 474 3298 a
492 3263 618 3300 crumena
636 3247 752 3314 propria,
772 3246 929 3300 aditiorum
949 3252 978 3299 et
997 3244 1200 3299 honoratiorem
1218 3244 1403 3299 munificentia
1421 3244 1506 3310 ipsius

376 3336 462 3389 etiarn
482 3335 651 3389 Serenissimi
670 3335 868 3403 Lotheringiae
893 3335 973 3388 Ducis
999 3334 1164 3388 liberalitate
1189 3334 1326 3402 gratioso3
1355 3347 1424 3399 quae
1449 3332 1507 3385 sola

376 3425 533 3492 nonaginta
551 3424 632 3479 facile
650 3425 763 3478 llorenos
783 3425 939 3477 Rhenenses
958 3423 1107 3477 successive
1126 3423 1258 3482 submisit,
1287 3422 1378 3476 oblato
1398 3436 1506 3475 recursu

375 3514 412 3567 ad
433 3528 470 3577 se,
491 3514 623 3580 petendae
641 3513 730 3580 stipis,
750 3512 950 3567 confidentiore.

453 3620 485 3673 [n
504 3619 625 3674 hibernis
644 3636 695 3673 non
717 3620 804 3673 otiosa
828 3620 875 3673 sed
893 3634 1006 3687 operosa
1029 3619 1104 3685 quies
1130 3617 1298 3686 prueplacuit
1325 3614 1506 3671 castrensibus

376 3709 558 3763 missionariis
583 3709 739 3771 indefessis,
768 3708 917 3775 exquibus
942 3707 1012 3761 olins
1035 3715 1157 3774 tempore
1181 3705 1360 3769 hibernorum,
1389 3704 1507 3758 scholam

376 3798 520 3861 instruxit,
546 3798 592 3851 ubi
611 3798 731 3865 pueritia
757 3805 815 3851 tum
835 3797 998 3860 Christiano,
1027 3802 1085 3850 tum
1105 3795 1295 3849 Malrometana
1313 3794 1507 3848 informaretur

376 3888 474 3950 literis,
507 3903 539 3940 ac
567 3888 678 3954 pictate.
717 3886 909 3941 Catachnmeui
938 3886 1045 3953 quidem
1068 3884 1250 3939 Muhometani
1278 3884 1450 3951 profecerunt
1477 3881 1506 3934 in

374 3985 496 4041 tautum,
525 3983 557 4029 ut
575 3975 738 4030 Christianis
757 3985 848 4030 essent
867 3975 1001 4043 exemplo,
1030 3981 1058 4028 et
1077 3972 1286 4027 instructoribus
1305 3971 1415 4034 solatio,
1448 3977 1507 4023 tum

376 4067 444 4134 :puio
471 4066 638 4135 precationes
667 4065 838 4130 christianas,
871 4072 928 4118 tum
957 4063 1138 4118 ministerium
1167 4063 1201 4116 nd
1227 4061 1388 4115 sacrificium
1407 4059 1506 4113 Missae

375 4156 474 4225 edocti,
494 4170 605 4222 capaces
625 4156 847 4221 assequebantur.
886 4154 964 4208 Unde
983 4152 1128 4208 societatis
1152 4158 1269 4216 nostrae,
1295 4149 1366 4217 apud
1390 4165 1507 4203 summos

375 4254 406 4299 et
430 4245 545 4309 intimos,
570 4245 686 4299 maxime
709 4243 881 4306 acatholicos,
907 4242 995 4297 crevit
1020 4241 1193 4296 existimatio.
1234 4239 1311 4293 Alius
1334 4238 1362 4293 iu
1387 4236 1507 4291 hibernis

375 4335 412 4388 ad
432 4334 574 4403 nurgum,
593 4335 704 4403 legioni,
724 4334 758 4387 ad
777 4338 881 4400 septem
900 4331 1037 4386 milliaria.
1058 4346 1106 4398 per
1124 4336 1255 4384 montana
1267 4328 1396 4382 Polouiae
1415 4327 1506 4379 vicina

375 4424 522 4491 dispersae,
548 4425 688 4478 saeviente
713 4422 858 4491 plurimum
881 4421 974 4491 rigore
997 4420 1116 4485 hiemali,
1141 4435 1190 4473 nec
1208 4419 1267 4472 sine
1286 4418 1362 4471 vitae
1379 4415 1506 4484 periculo.

376 4511 460 4566 semel
480 4513 564 4566 etiarn
585 4514 713 4580 proximo,
740 4512 773 4565 ob
792 4511 911 4564 clausurn
932 4526 949 4563 a
968 4509 1114 4564 rebellibus
1133 4508 1274 4578 Hunguris
1301 4506 1447 4561 transitum
1467 4504 1506 4557 iu·

373 4602 506 4656 servivit:
540 4609 619 4655 tanta
642 4600 859 4670 promptitudine
886 4605 914 4653 et
940 4600 1089 4661 celeritate,
1117 4605 1149 4651 nt
1168 4613 1324 4665 quocunqne
1354 4601 1507 4658 vocaretur,

373 4706 457 4757 quom
485 4691 601 4757 primum
627 4692 720 4744 adesse
745 4690 893 4744 festinaret
912 4688 1098 4743 missionsrius
1124 4687 1197 4741 inter
1215 4694 1325 4755 gentem
1351 4685 1507 4740 convulsam
