3725 5617
365 464 399 515 et
607 463 634 515 li.
656 463 675 514 Ι.
706 467 735 528 tl.
756 463 775 515 Ι.
814 463 854 545 lle
874 464 993 516 transitu
1012 463 1046 516 ad
1065 464 1148 516 ritum
1167 479 1261 530 graec.

366 607 441 668 nius
468 606 524 668 ll'.
557 607 589 667 in
623 604 725 666 literis
754 605 893 669 Unionis
925 616 997 689 post
1020 607 1200 669 sessionem
1236 605 1387 670 ultimam
1412 605 1461 669 Co·

367 710 435 774 cilii
450 710 634 774 Florentini
660 711 863 797 simpliciter,
889 723 921 774 et
938 715 1009 776 sinc
1025 713 1222 778 limitatione
1239 714 1365 778 dixerit
1384 714 1532 783 Curr-

366 842 511 903 quemque
531 816 731 879 Sacerdotem
755 818 865 881 debere
893 820 1040 902 corpiccre
1061 823 1094 883 in
1113 821 1310 906 fermentato
1326 820 1377 884 cel
1390 843 1532 904 atys&

359 931 459 1014 jacta
476 925 637 987 Ecclesiae
661 949 737 989 auce
762 927 1033 989 consuetudinem:
1059 939 1091 990 et
1106 928 1143 991 B.
1159 928 1239 990 Pius
1256 928 1297 994 V,
1316 927 1428 992 (louet.
1443 931 1484 992 L
1527 951 1532 999 2

366 1045 445 1098 tom.
464 1033 494 1097 a.
510 1031 648 1096 llullarii
675 1055 705 1117 p.
725 1034 797 1099 192.
823 1037 1033 1098 revocaverit
1056 1034 1230 1098 facultates
1247 1033 1532 1120 quomodolibc

368 1162 541 1204 concessas
574 1137 728 1222 Graecia,
771 1142 964 1226 praesertim
1006 1145 1171 1223 irroratis,
1213 1141 1317 1205 latino
1350 1143 1431 1220 ritu,
1515 1171 1532 1210 a

366 1247 497 1311 Latinis
521 1269 639 1330 graeco
666 1269 755 1309 more
780 1246 970 1310 celebrandi
996 1249 1135 1318 Missas,
1163 1259 1195 1311 et
1219 1247 1338 1311 divina
1362 1247 1532 1334 Officia

368 1352 586 1417 nihilominus
611 1356 643 1417 in
670 1365 784 1417 neutro
812 1355 944 1418 decreto
969 1355 1151 1440 quidquam
1175 1356 1327 1418 innuitur
1343 1355 1529 1422 decanea

368 1460 448 1536 liae,
486 1460 543 1523 sed
576 1470 688 1545 aperto
722 1463 944 1545 praesumitur
976 1464 1081 1525 vetari
1111 1464 1311 1525 mutationes
1342 1462 1425 1524 ritus
1481 1486 1526 1529 ex

368 1566 550 1630 levioribus
574 1569 692 1636 causis,
718 1567 760 1631 ob
785 1590 866 1652 quas
886 1567 1016 1631 indulta
1041 1590 1078 1632 eo
1103 1591 1207 1654 usque
1231 1570 1409 1653 impetrata
1424 1590 1522 1634 cen·

369 1675 432 1737 seri
457 1683 633 1758 potuerant
657 1673 866 1759 subreptitia,
892 1673 944 1737 vel
970 1697 1087 1759 parum
1113 1697 1269 1760 congrua.

458 1779 496 1843 In
529 1780 603 1844 aliis
635 1780 756 1844 Literis
786 1781 971 1844 Pontificiis
1002 1782 1125 1845 Leonis
1157 1782 1218 1847 lx.
1250 1793 1283 1844 et
1308 1781 1370 1860 X„
1403 1779 1515 1844 Inno-

370 1888 470 1951 centii
496 1886 573 1964 IV„
607 1889 658 1950 Pii
684 1888 761 1956 lt'..
796 1887 947 1968 Gregorii
974 1889 1088 1968 Xlll.,
1123 1901 1155 1951 ct
1189 1887 1371 1952 Clementis
1395 1885 1508 1954 VIII..

369 1993 582 2080 loquentibus
614 1993 654 2057 de
679 1992 816 2057 Graecis
845 1994 930 2058 nihil
961 1997 1165 2080 praecipitur
1196 1996 1286 2058 circa
1318 1994 1397 2064 hoc.
1431 1995 1503 2057 imo

371 2099 524 2165 Clemens
548 2100 682 2164 videtur
705 2100 887 2185 indulgere.
914 2113 950 2164 ut
965 2101 1085 2166 Graeci
1108 2124 1218 2166 sacros
1242 2102 1376 2165 ordines
1399 2102 1496 2163 susci-

370 2209 465 2293 piant
497 2208 562 2270 ritu
595 2207 713 2289 latino,
754 2231 830 2271 cum
865 2211 899 2272 in
930 2232 990 2273 sua
1015 2190 1258 2273 Constitutione
1283 2210 1337 2273 34.
1367 2220 1446 2272 tom.
1466 2207 1488 2268 3.

370 2313 457 2377 Ball.
482 2335 513 2397 p.
538 2313 593 2377 47.
619 2314 658 2378 N.
682 2323 712 2379 t.
737 2338 839 2400 prope
864 2316 962 2378 linem
990 2316 1096 2380 dicat:
1122 2317 1160 2380 Si
1181 2318 1360 2402 Episcopus
1381 2315 1488 2377 latinus

373 2419 529 2482 Graecum
552 2419 689 2504 aliquem
712 2422 865 2484 ordinare
889 2422 1036 2500 noluerat,
1061 2426 1115 2509 qui
1137 2448 1158 2485 a
1180 2422 1365 2509 Presbytero
1390 2438 1484 2506 praeco

370 2529 403 2589 in
419 2527 585 2611 Buplicmo
607 2525 780 2591 Cla-risrrcatc
804 2531 838 2591 iu
853 2529 969 2613 frome
992 2530 1031 2592 de
1047 2530 1141 2614 facto
1158 2530 1265 2616 faerit
1288 2530 1485 2613 coneipnctru,

369 2633 459 2697 delet
483 2633 573 2696 illum
597 2645 693 2697 cretea
716 2636 911 2718 confirmare,
937 2634 1048 2698 scelte-m
1072 2636 1127 2699 sub
1151 2637 1342 2712 conditione,
1367 2646 1398 2697 et
1416 2629 1484 2697 nihil

370 2740 465 2804 addit
490 2740 530 2803 dc
555 2740 711 2804 facilitate
737 2741 880 2826 petenda
905 2742 948 2806 ab
973 2741 1166 2826 Apostolica
1191 2741 1287 2805 Sede.
1316 2780 1356 2789 -

461 2848 546 2911 llico
571 2848 610 2911 2⁰
633 2870 794 2932 apparere
818 2871 861 2911 ex
886 2848 983 2911 niodo
1008 2848 1164 2934 loquendi
1189 2847 1341 2912 adhibito
1365 2848 1407 2912 ab
1425 2846 1490 2911 aliis

370 2953 517 3018 Summis
540 2953 776 3034 Pontificibus,
812 2954 900 3040 quod
936 2956 962 3017 si
997 2953 1095 3018 allata
1130 2956 1210 3040 ipsis
1243 2954 1360 3018 fuisset
1390 2976 1493 3032 causa,

370 3083 456 3147 quae
480 3083 570 3123 nilne
594 3063 747 3140 affertur,
772 3059 989 3146 probabiliter
1015 3063 1221 3125 censuissent
1244 3060 1403 3146 expedire
1427 3082 1497 3125 con·

372 3170 566 3233 cessionem.
614 3169 778 3232 Probatur
806 3170 884 3253 quia
909 3179 1025 3231 vetant
1048 3170 1167 3231 mutari
1197 3170 1296 3231 ritum
1322 3167 1365 3231 ad
1389 3166 1499 3232 tollen·

372 3274 451 3337 dum
477 3273 672 3338 scandalum
697 3277 859 3338 oriturum
884 3298 926 3338 ex
952 3298 990 3338 eo
1015 3275 1104 3360 quod
1121 3275 1228 3338 videri
1255 3283 1364 3360 posset
1385 3276 1501 3360 impro-

371 3380 442 3444 bari
475 3403 611 3464 graecas
635 3385 877 3463 caeremonias,
905 3383 931 3444 si
958 3382 1042 3444 ultro
1067 3383 1312 3465 permitteretur
1342 3381 1502 3445 accedere

371 3488 414 3551 ad
438 3486 577 3568 latinas,
603 3487 668 3551 illis
692 3488 824 3551 relictis.
873 3488 916 3551 Et
939 3489 1076 3551 fortasse
1102 3510 1219 3550 cavere
1249 3485 1437 3566 voluerunt,
1462 3510 1504 3551 ne

373 3595 510 3658 Latinos
535 3596 716 3658 invitarent
739 3595 782 3658 ad
798 3597 944 3657 Graecos
969 3596 1106 3680 ejusque
1122 3593 1294 3657 Ecclesiae
1317 3592 1502 3679 privilegia.

371 3701 445 3764 Non
471 3701 577 3765 solum
601 3713 712 3765 autern
743 3701 871 3764 nullum
897 3702 969 3765 dari
995 3711 1100 3786 potest
1132 3699 1281 3764 scandali
1306 3699 1504 3785 periculum,

373 3810 399 3871 si
435 3809 603 3871 concessio
629 3808 842 3891 indulgeatur
873 3808 914 3871 ob
941 3831 1075 3872 caussam
1104 3830 1203 3892 supra
1228 3828 1437 3891 expressam,
1473 3819 1507 3871 et

373 3936 448 3977 cum
480 3914 737 3979 limitationibus
760 3917 884 4000 pariter
908 3917 1088 3999 expressis,
1126 3926 1162 3977 nt
1193 3915 1302 3998 potius
1325 3913 1439 3977 futura
1464 3916 1507 3978 sit

372 4021 596 4084 aedificationi
633 4045 781 4086 summae
821 4022 998 4086 Pontificio
1034 4023 1153 4084 caritas
1189 4019 1336 4083 Graecos
1371 4019 1507 4086 allicere

373 4138 527 4211 satagens
551 4129 593 4192 ad
619 4151 731 4192 veram
758 4129 855 4191 iidem
881 4152 941 4213 per
961 4130 1177 4191 remotionem
1202 4127 1308 4191 obicis
1330 4127 1507 4214 hucusque

372 4237 470 4319 positi
504 4259 522 4298 a
556 4235 748 4298 diversitate
780 4238 878 4310 ritus,
916 4257 1015 4320 quarn
1050 4233 1245 4319 spectabant
1275 4235 1307 4296 in
1334 4236 1508 4300 missione·

373 4343 440 4404 riis
476 4380 519 4388 —
553 4342 708 4405 Facultas
733 4365 828 4427 porro
861 4365 960 4427 quam
990 4340 1256 4426 probabilissime
1290 4344 1414 4406 caeteri
1439 4365 1508 4407 non

373 4458 559 4531 negassent,
586 4463 753 4512 reservata
778 4449 910 4512 videtur
934 4449 1150 4512 Sanctissimo
1176 4446 1221 4511 illi
1247 4447 1423 4531 Pontifici,
1449 4450 1509 4535 qni
