3725 5617
688 468 715 519 L.
736 467 771 519 ll.
812 468 848 519 lte
871 468 973 520 Ιῖιιίιιιιι·Ι
992 467 1180 519 Rornanorum.

921 741 946 777 ο.

697 822 934 875 t'onterentiae
958 821 1171 876 Viennenses.

799 951 885 1012 Quem
913 950 1076 1013 (episcopum
1107 949 1249 1016 nostrum)·
1267 949 1464 1006 zelantissimns

745 1030 872 1092 imprimis
895 1029 1002 1076 Praesul
1029 1026 1189 1096 (Cardinalis
1209 1046 1223 1078 a
1244 1029 1410 1096 Kollonich)
1436 1037 1464 1077 ut

745 1124 838 1172 parens
859 1108 940 1157 tilium
961 1111 1077 1173 suscepit
1097 1108 1244 1177 (Syriam).

922 1266 946 1302 a.

415 1347 482 1399 Octo
498 1349 645 1414 priistuloto
665 1348 794 1398 ecelesiae
821 1347 981 1399 l'itluelaieoe
1001 1348 1159 1398 Athanasio
1179 1347 1293 1416 lierripne
1314 1367 1453 1399 comessa.

743 1488 878 1541 Relatio
898 1490 1118 1558 cara-emisa.

460 1613 587 1676 Paucos
621 1627 693 1697 post
725 1614 796 1676 dies
829 1616 954 1698 primus
995 1615 1036 1677 ad
1073 1636 1140 1677 rein
1180 1616 1388 1678 tractandam
1424 1639 1495 1679 con-

369 1733 498 1799 ventus,
523 1742 621 1805 quern
648 1721 877 1805 conferentiam
900 1721 1027 1801 dicunt,
1053 1733 1102 1784 est
1128 1722 1270 1785 babitus
1310 1721 1497 1787 Intererant

369 1827 484 1890 limus.
517 1824 705 1890 Cardinalis
738 1837 770 1889 et
801 1828 913 1892 limus.
943 1828 1167 1891 Valaohornm
1199 1829 1393 1913 episeopus.
1428 1839 1495 1891 tum

372 1931 498 1997 Illmus.
539 1933 646 1997 Dnus.
689 1932 807 1997 Comes
845 1933 978 1998 Samuel
1012 1933 1193 2018 Kainoky,
1230 1935 1495 1999 vicecancellarii

372 2038 618 2103 Transilvanici
660 2040 750 2124 apud
784 2040 906 2103 Aulam
942 2039 1138 2105 Caesaream
1179 2042 1288 2104 officio
1323 2041 1435 2106 clarus
1467 2061 1498 2105 et

369 2146 565 2235 perillustris
599 2146 706 2209 Dnus.
742 2147 889 2209 loannes
924 2146 1040 2226 Fiatlr,
1077 2147 1224 2232 ejusdem
1261 2148 1420 2212 cancellis
1455 2150 1496 2212 ad

370 2264 496 2316 secreta
528 2253 723 2337 adjunctus,
762 2254 860 2317 Pater
890 2256 990 2318 etiam
1024 2254 1159 2318 Gabriel
1191 2255 1358 2318 Hevenesi
1395 2258 1430 2320 S.
1453 2257 1495 2326 l..

368 2360 412 2423 ad
447 2384 471 2423 s.
498 2360 629 2423 Annam
654 2360 806 2424 Viennae
835 2372 959 2442 ructor,
992 2361 1079 2424 Emi.
1112 2385 1150 2424 ea
1181 2371 1377 2447 tempestate
1410 2363 1497 2427 theo·

366 2464 477 2549 logus,
507 2466 650 2551 deniqne
682 2467 860 2530 admodum
894 2489 962 2532 rev.
989 2467 1093 2531 Dnus.
1121 2467 1314 2548 Melantias,
1348 2471 1495 2533 vir-,arius

370 2571 592 2636 Valaelrorum
618 2575 782 2658 episcopi.
819 2584 851 2636 et
875 2574 973 2637 Pater
997 2573 1134 2637 Carolus
1158 2575 1359 2649 Neurauter,
1395 2574 1495 2638 Atha-

371 2681 456 2743 nasii
481 2679 652 2762 theologus
676 2702 714 2742 ae
739 2679 956 2744 consiliarius.

458 2786 560 2850 Istlric
593 2789 694 2868 igitur
718 2786 921 2850 Athanasius
953 2786 1117 2850 adventus
1141 2791 1191 2851 sui
1226 2790 1432 2873 propositum
1463 2803 1492 2851 et

370 2915 454 2978 quae
479 2915 538 2957 suo
562 2893 728 2956 Viennam
762 2915 897 2956 acreessu
929 2894 1114 2977 quaesitum
1139 2896 1298 2964 venisset,
1327 2898 1491 2980 exposuit.

368 2998 461 3064 Haeo
493 3002 648 3085 quoniam
684 3002 715 3061 in
742 2999 968 3085 paragraphus
1001 3010 1073 3062 octo
1106 3013 1198 3062 erant
1222 3000 1401 3063 distributa
1434 3025 1492 3065 nos

367 3105 484 3169 ordine
503 3106 657 3169 dabimus
675 3117 707 3168 et
725 3106 852 3190 singula
871 3105 1008 3187 sirrgnlis
1023 3106 1108 3170 Enii.
1123 3104 1309 3170 (fardinalis
1322 3107 1490 3193 Responsa

365 3211 603 3276 adscribamus.

914 3408 939 3472 Ι.

457 3523 644 3602 Primum,
681 3524 795 3587 adesse
830 3523 963 3587 dicebat
998 3547 1031 3587 se
1064 3546 1122 3588 suo
1155 3547 1299 3611 suaeque
1332 3526 1489 3590 ecclesiae

371 3632 515 3710 nomine,
543 3644 575 3694 ut
602 3632 765 3696 Unionem
792 3654 865 3695 cum
884 3632 1032 3695 Romana
1048 3631 1198 3696 Ecclesia
1223 3642 1270 3696 tot
1292 3632 1400 3696 modis
1419 3633 1488 3718 jani

366 3747 444 3800 ante
480 3747 637 3800 tentanum
675 3740 863 3824 iteratisqne
898 3739 970 3823 jam
1008 3737 1137 3801 vicibus
1175 3738 1316 3802 formula
1352 3738 1488 3803 solemni

398 3968 418 4035 ¹)
439 3971 524 4031 Quum
561 3970 699 4029 theologus
731 3969 870 4017 Athanasii
905 3971 1047 4033 pertineret
1076 3971 1108 4018 ad
1139 3971 1237 4018 clerum
1266 3981 1426 4020 castrensem
1458 3990 1484 4019 ac

437 4049 519 4088 toturn
547 4042 646 4088 itineris
673 4042 805 4102 negotium
832 4051 900 4088 esset
929 4041 1099 4089 constitutum
1126 4043 1174 4090 sub
1200 4043 1348 4106 patrocinio
1375 4046 1485 4108 supremi

436 4127 616 4159 caesareorum
637 4127 766 4158 annorum
787 4128 832 4175 per
852 4112 1062 4160 ‘transilvaniam
1083 4114 1224 4175 praelecti,
1244 4115 1344 4163 Excmi.
1369 4116 1484 4164 Rabntin

435 4184 546 4231 Comitis
566 4183 598 4229 de
620 4184 709 4238 Bassi,
730 4185 821 4231 mirum
842 4199 893 4231 non
914 4193 968 4244 est,
987 4183 1069 4232 literis
1089 4184 1267 4233 castrensibus
1286 4186 1412 4235 insertum
1432 4203 1486 4235 esse

437 4254 589 4302 relationem
616 4255 648 4300 dc
668 4255 753 4301 Causa
773 4254 798 4302 in
821 4256 892 4303 Urbe
912 4256 1015 4318 imperii
1039 4255 1158 4319 principe
1179 4265 1318 4310 transacta,
1357 4257 1486 4323 Pleraque
1535 4269 1537 4276 '

436 4326 523 4372 omnia
557 4326 581 4371 in
615 4340 681 4387 opus
710 4341 782 4373 suum
817 4342 879 4375 msc.
914 4326 1048 4374 transtulit
1079 4328 1288 4390 Freyberger.
1337 4328 1486 4379 Dolendum

435 4405 522 4445 tamen
547 4411 578 4443 ea
597 4397 622 4444 in
645 4412 670 4444 rc
689 4405 741 4444 est.
770 4398 841 4460 quod
860 4397 969 4445 lacunae
988 4414 1003 4445 a
1023 4398 1150 4461 scriptore
1169 4400 1296 4449 castrensi
1320 4400 1429 4450 relicus
1449 4401 1486 4450 in·

434 4468 521 4524 certis,
542 4478 569 4514 ut
582 4468 683 4531 species
696 4478 743 4523 est.
764 4468 931 4516 adminiculis
945 4468 1067 4533 explevit.
1099 4470 1151 4518 Sed
1166 4471 1214 4518 cir.
1227 4470 1281 4533 jam
1295 4471 1369 4521 dicte
1387 4487 1415 4538 p.
1433 4475 1480 4534 183
