3725 5617
457 644 512 697 848
649 643 681 697 L.
700 644 734 696 V.
773 643 813 696 De
830 642 937 697 Unione
955 641 1142 694 Ruthenornm
1159 648 1189 694 ct
1207 640 1406 696 Armenorum.

502 952 567 1017 Ex
591 949 824 1015 annalibus
852 961 955 1015 msc.
979 948 1202 1014 missionis
1227 947 1553 1016 Bakoczianaa

548 1114 603 1179 An
630 1115 725 1186 1666.
752 1152 789 1162 —
809 1114 863 1178 Ad
887 1113 1118 1178 reductionem
1141 1116 1336 1178 universam
1363 1114 1592 1180 schismatico

458 1245 552 1305 rum,
586 1224 642 1307 qui
673 1221 738 1285 late
770 1224 859 1285 circa
882 1221 1140 1285 Munkacsiense
1169 1221 1357 1285 dominium
1391 1233 1428 1286 et
1451 1245 1514 1308 per
1536 1221 1591 1286 cn-

459 1351 575 1394 manos
598 1350 733 1414 campos
758 1328 897 1413 dispersi
922 1339 1009 1410 sunt,
1034 1339 1066 1392 et
1089 1328 1212 1413 quibus
1228 1328 1380 1393 Rutheni
1407 1329 1592 1394 sacerdotes

458 1458 576 1522 graeco
602 1436 773 1500 schismati
798 1435 1018 1499 addictissimi
1043 1445 1210 1520 praesunt,
1236 1435 1399 1499 effectum
1425 1447 1478 1500 est
1501 1460 1522 1500 a
1537 1436 1590 1501 Pa·

459 1542 576 1626 tribus,
601 1545 658 1628 qui
682 1544 716 1605 in
741 1543 896 1606 missione
920 1544 1082 1627 principis
1103 1542 1274 1606 Francisci
1291 1541 1463 1607 Rakoczii
1486 1542 1590 1607 aulam

460 1659 661 1736 sequuntur,
697 1660 734 1712 ut
769 1650 810 1712 iis
842 1649 1030 1734 Episcopus
1065 1649 1236 1712 Ecclesiae
1271 1648 1451 1713 Romanae
1484 1653 1590 1714 unitus

462 1755 710 1841 praeficeretur:
742 1778 806 1842 quo
836 1778 915 1819 sane
940 1756 1052 1819 multis
1076 1758 1263 1819 animarum
1295 1754 1453 1821 millibus
1483 1757 1525 1822 de
1548 1780 1589 1821 sa·

458 1861 536 1925 lutis
559 1871 712 1925 aeternae
736 1863 882 1925 remedio
907 1865 1089 1947 provisum.
1137 1863 1190 1947 (B.
1214 1862 1250 1927 P.
1276 1862 1317 1927 V.
1345 1862 1490 1948 12063).

549 2065 613 2131 An.
644 2067 740 2132 1667.
772 2106 815 2114 -
847 2067 1039 2131 Munkdcsii
1071 2067 1152 2130 illud
1185 2088 1250 2130 non
1280 2068 1477 2151 ingratum,
1508 2067 1588 2154 quod

460 2174 746 2238 schismaticorum
771 2174 958 2239 sacerdotes
979 2176 1025 2238 ita
1049 2174 1178 2238 deliniti
1196 2175 1270 2254 sint,
1297 2182 1333 2237 ut
1350 2177 1461 2239 sacris
1487 2175 1589 2240 induti

459 2281 503 2346 ad
526 2291 638 2345 nostra
662 2284 800 2346 veniant
822 2282 956 2367 templa,
981 2292 1014 2345 et
1038 2281 1212 2345 nobiscum
1232 2282 1417 2366 procedere
1444 2286 1480 2347 in
1505 2284 1590 2348 fune

458 2386 551 2452 ribus
574 2410 641 2453 non
666 2388 859 2470 obtrectant,
887 2388 1075 2452 alternatim
1100 2388 1292 2468 nobiscum,
1316 2388 1481 2472 jucundo
1505 2389 1590 2454 coelo

460 2505 492 2558 et
516 2495 690 2560 haereticis
715 2498 794 2581 ipsis
818 2495 1023 2581 spectaculo,
1056 2517 1074 2558 e
1098 2494 1233 2579 psalmis
1256 2515 1376 2557 versus
1402 2495 1591 2574 decantent,

459 2600 616 2666 idiomate
650 2602 784 2688 quidam
810 2602 856 2665 illi
881 2601 1029 2686 illyrico,
1064 2604 1165 2665 nostri
1190 2601 1292 2664 latino
1324 2611 1388 2665 aut
1412 2605 1590 2687 ungarico:

463 2708 552 2793 quod
577 2709 664 2773 idem
690 2710 882 2773 factitarunt
907 2712 940 2772 in
965 2708 1039 2772 aliis
1066 2708 1233 2772 Ecclesiae
1258 2711 1431 2774 consuetis
1468 2733 1592 2796 proces·

460 2815 619 2882 sionibus.
666 2816 766 2902 (lbid.
794 2817 926 2898 12064).

482 3076 544 3141 Ex
571 3074 1362 3154 diplomataLeop01d11.imparatoris
1390 3080 1438 3143 et
1465 3079 1571 3160 ragis

754 3191 790 3257 d.
816 3191 852 3257 d.
878 3190 931 3256 m.
959 3193 1060 3272 Aug.
1086 3206 1154 3258 an.
1180 3190 1288 3257 1692.

548 3359 615 3421 Nos
648 3360 836 3445 Leopoldus
871 3369 932 3424 etc.
981 3359 1033 3421 Ex
1064 3380 1102 3422 eo
1136 3358 1203 3421 Nos
1237 3356 1385 3440 benigne
1420 3358 1588 3425 informati

459 3466 652 3548 existentes,
685 3477 817 3548 gentem
843 3465 1071 3529 Ruthenornm
1104 3487 1189 3550 quae
1220 3475 1297 3527 ante
1326 3473 1505 3530 trecentos
1528 3466 1588 3530 fere

459 3594 563 3636 annos
587 3575 875 3656 transmigratione
899 3574 987 3636 facta
1012 3596 1053 3636 ex
1078 3572 1211 3651 Russia,
1244 3573 1276 3634 in
1301 3571 1431 3636 vicinis
1458 3573 1587 3658 Hunga·

459 3681 527 3742 riae
551 3679 711 3764 partibus,
737 3681 944 3764 potissimum
978 3702 1055 3743 vero
1091 3681 1123 3742 in
1156 3679 1298 3742 dioecesi
1323 3678 1491 3763 Agriensi
1524 3700 1586 3744 sess

459 3785 642 3867 collocavit,
667 3811 706 3850 ac
732 3788 764 3850 in
790 3788 860 3871 ipso
884 3785 1072 3871 hujusmodi
1099 3789 1132 3850 in
1156 3806 1296 3870 regnum
1313 3783 1423 3849 hocce
1441 3787 1585 3851 adventu

457 3896 567 3980 graeci
592 3893 780 3957 schismatis
812 3893 885 3957 labe
917 3892 1106 3974 laborabat,
1142 3915 1226 3977 quae
1251 3891 1322 3955 Deo
1356 3893 1548 3958 auxiliante
1567 3914 1586 3953 a

459 4003 595 4086 triginta
619 4001 686 4065 fere
710 4003 807 4066 annis
832 4001 982 4086 proxime
1007 3999 1147 4062 evolutis
1163 4000 1374 4084 potissimum
1396 4000 1585 4065 assistentia

458 4119 491 4172 et
513 4131 612 4194 opera
636 4111 861 4195 pientissimae
886 4118 918 4169 et
943 4106 1161 4169 zelosissimae
1179 4103 1347 4190 quondam
1364 4108 1584 4193 principissae

458 4215 601 4301 Sophiae
616 4216 752 4279 ththori
778 4217 924 4299 coepisse
949 4214 992 4277 ad
1012 4213 1176 4277 Unionem
1201 4222 1233 4274 et
1255 4213 1425 4294 gremium
1454 4223 1583 4278 sanctae

459 4324 626 4387 Romanae
651 4322 820 4386 Ecclesiae
845 4322 970 4402 redire,
1000 4343 1089 4384 nunc
1114 4340 1191 4382 vero
1216 4320 1365 4381 virorum
1390 4319 1582 4406 apostolico

458 4454 530 4494 rum
556 4441 692 4503 conatu,
726 4440 839 4515 aperta
870 4428 961 4492 velut
984 4428 1159 4513 patentiori
1186 4426 1311 4510 janua,
1347 4428 1522 4511 copiosius
1543 4423 1580 4488 ad

458 4538 596 4601 eandem
622 4536 786 4600 confluere
812 4538 1011 4621 sperarique,
1037 4545 1073 4597 ut
1097 4556 1162 4597 non
1180 4542 1306 4595 tantum
1328 4534 1582 4617 praenominata

457 4656 524 4709 tota
555 4667 654 4729 gens,
686 4644 743 4707 sed
778 4644 849 4728 ojus
880 4642 1032 4728 exemplo
1065 4642 1215 4705 nationes
1245 4638 1330 4702 aliae
1362 4637 1429 4703 sub
1456 4639 1581 4706 Corona
