3725 5617
464 604 502 657 De
522 603 656 657 vicariatu
677 611 759 669 atque
778 604 934 670 episcopatu
953 602 1097 657 Athanasii
1116 602 1231 658 Rodnik.
1359 604 1419 658 639*

829 799 869 861 V.

378 925 431 992 De
457 929 591 993 morte
616 928 902 1005 episcoporum
926 925 1050 993 Klein
1076 928 1119 993 et
1143 924 1321 994 Reunik.

831 1102 866 1154 Α,

580 1210 626 1275 De
651 1208 763 1275 obitu
788 1208 974 1294 Episcopi
998 1209 1119 1276 Klein.

359 1369 507 1437 Episcopus
526 1369 608 1423 Klein
634 1369 736 1421 Romae
761 1368 789 1422 in
815 1367 1015 1422 Basilienorum
1039 1369 1225 1423 Rutheuorum
1249 1368 1417 1423 monasterio

287 1473 320 1510 aa.
341 1456 430 1526 Sergii
450 1458 595 1511 etBacchi
621 1457 852 1525 peregrinationis
870 1474 936 1512 suae
959 1474 1066 1512 cursum
1085 1457 1203 1512 absolvit
1227 1458 1270 1512 die
1289 1460 1332 1512 22.
1352 1458 1416 1526 Sep·

288 1545 401 1600 tembris
421 1546 486 1600 euni
508 1547 590 1611 1768,
615 1547 643 1600 in
664 1547 776 1600 ecclesia
795 1546 914 1615 ejusdem
933 1546 1091 1601 monasterii
1116 1546 1261 1615 depositus.
1299 1547 1417 1602 Tumulo

287 1651 404 1689 marmor
422 1641 465 1689 est
483 1636 605 1690 additum
624 1652 684 1690 cum
703 1636 752 1689 hac
770 1635 959 1702 inscriptione:

784 1760 817 1815 u.
837 1760 867 1814 o.
888 1761 923 1813 u.

546 1858 676 1913 roauur
695 1857 917 1912 innocencio
936 1858 967 1911 n.
986 1858 1016 1913 B.
1037 1857 1152 1912 unaue

516 1955 779 2020 vnuacuoauu,
808 1955 923 2011 enac.
953 1955 1061 2010 nunu
1090 1955 1187 2010 naso.

625 2053 798 2108 urrscoeo
817 2053 1081 2109 aooaansrnusr

818 2152 882 2219 Qvi

449 2252 472 2303 a
492 2250 618 2306 ennon.
637 2250 687 2306 vn
707 2250 753 2303 aa
772 2251 808 2305 u.
826 2249 1010 2304 nasama
1029 2248 1144 2304 sorau.
1163 2249 1260 2305 ruer.

474 2349 546 2404 pao
564 2350 633 2404 sun
652 2348 825 2403 ecstasin
845 2348 916 2403 eno
934 2346 1075 2414 svouvu
1093 2346 1236 2402 eoevuo

529 2447 704 2501 euvenus
724 2445 945 2500 rusurensis
964 2445 1172 2500 perterrens

451 2544 650 2599 ruovrucra
669 2545 807 2599 sancus
826 2544 962 2612 eunoun
980 2542 1257 2598 inmansuetius

403 2643 663 2710 nuncupasti,
690 2644 738 2697 uu
763 2644 951 2709 remores,
981 2643 1030 2697 ue
1055 2640 1303 2697 raucisona

470 2742 622 2796 urrunnu
640 2742 769 2795 sennua
788 2741 1013 2809 vraravsove
1032 2739 1239 2795 courucrvs

672 2840 792 2895 cassu
810 2838 1042 2893 ue1scoenrv.

651 2939 755 2992 unxia
788 2936 905 2992 mnus
938 2937 1062 2991 cxxvi.

527 3036 626 3090 oeuu
645 3037 693 3090 rx.
713 3036 797 3090 unt.
817 3035 940 3090 ocrea.
960 3033 1188 3090 uoccuxvm.

397 3135 553 3188 ronanus
571 3134 686 3188 uteru
705 3134 860 3188 reims
883 3134 913 3190 a.
932 3134 1068 3188 anonis
1086 3131 1315 3199 uonomsovs

813 3234 848 3288 u.
869 3231 899 3285 e.

841 3412 874 3464 B.

569 3520 616 3585 De
640 3518 750 3586 obitu
777 3519 965 3604 Episcopi
989 3518 1147 3585 Recluik.

371 3679 518 3747 Episcopus
549 3678 656 3731 Rednik
690 3677 779 3731 subito
813 3677 905 3732 morbo
937 3681 1075 3745 correptus
1107 3676 1141 3730 ed
1174 3690 1284 3743 operum
1316 3688 1426 3728 auorum

299 3768 420 3836 praemia
447 3766 517 3820 abiit
535 3765 724 3820 Balazsfalvae
752 3767 796 3820 die
824 3770 849 3821 2.
869 3765 936 3834 Maji
964 3766 1029 3820 anni
1060 3768 1142 3830 1772,
1170 3765 1249 3833 plura
1276 3768 1349 3818 certe
1376 3779 1428 3830 pro

300 3857 389 3911 salute
413 3856 504 3925 gentis
529 3872 594 3909 surae
619 3854 756 3921 facturas,
785 3856 837 3910 nisi
863 3855 931 3909 satis
956 3855 1102 3909 immatura
1127 3869 1197 3908 mors
1227 3852 1286 3921 pios
1310 3857 1428 3907 conatus

300 3946 415 4000 hominis
434 3961 490 3998 uua
508 3961 567 3999 cum
586 3945 645 3998 rita
664 3945 830 3999 abstulisset.

373 4052 457 4117 Quem
484 4052 563 4105 vivus
591 4052 775 4106 adversarium
802 4051 935 4105 habuerat
963 4049 1124 4119 Gregorium
1152 4048 1252 4118 Major,
1282 4048 1429 4104 defunctus

301 4156 480 4195 successorem
507 4142 625 4210 accepit,
654 4150 685 4194 ut
710 4142 790 4209 paulo
817 4140 930 4195 iuferius
959 4156 992 4194 ex
1017 4138 1173 4194 testimonio
1198 4136 1271 4193 illius
1295 4138 1429 4192 discemus

302 4247 345 4298 pp.
365 4232 414 4283 661
443 4238 472 4292 et
491 4229 556 4296 663,
585 4232 631 4297 qui
658 4230 761 4298 etipse
787 4246 839 4283 non
858 4230 899 4282 ita
918 4228 1003 4283 multo
1029 4234 1091 4296 post
1115 4228 1143 4282 in
1162 4227 1280 4296 ejusdem
1299 4225 1429 4295 Gregorii

303 4320 388 4373 locutu
408 4326 450 4373 est
469 4319 641 4374 substitutus.
