3725 5617
365 643 419 696 642
536 640 567 696 L.
587 641 638 696 [ll.
675 642 715 695 De
733 639 849 694 historia
867 640 995 695 ecclesiae
1013 640 1196 694 Rumenorum
1215 640 1321 694 unitae.

368 786 411 850 ab
428 785 480 849 his
502 785 624 871 dispar,
649 784 738 870 quod
753 807 867 848 eorum
884 786 950 848 ritu
968 795 1176 848 sacramenta
1192 806 1258 847 non
1275 785 1511 851 ministrabat.

369 893 451 956 Erat
475 894 528 956 vir
560 890 710 973 humilis,
747 891 916 956 modestus
950 893 1049 955 etiam
1081 893 1115 955 in
1140 893 1276 955 civitate
1309 893 1403 955 inter
1435 915 1510 977 ger-

370 1021 485 1063 manos
519 998 698 1063 catholicos
736 997 779 1062 ad
813 999 1035 1062 ministranda
1068 1010 1274 1062 sacramenta
1312 1012 1510 1085 promptus,

368 1105 570 1192 reliquorum
596 1104 807 1186 Nostrorum,
833 1107 930 1170 etiam
952 1107 1141 1191 juniorum,
1166 1127 1338 1186 reverens,
1365 1106 1510 1170 mortifi-

369 1225 471 1277 catus.
520 1213 636 1276 Frater
667 1214 756 1276 enim
780 1212 902 1293 laicus,
936 1214 1118 1277 matutinus
1151 1212 1248 1300 (hora
1271 1212 1318 1297 4.)
1352 1235 1510 1277 eommu-

369 1322 483 1384 nitatis
507 1322 685 1400 excitator,
721 1318 929 1399 affirmabat,
966 1342 1041 1383 eum
1065 1319 1107 1383 ab
1133 1342 1167 1383 se
1191 1321 1250 1382 vix
1279 1318 1378 1383 aliter
1404 1343 1510 1385 mane

370 1426 629 1513 deprehensum,
666 1451 765 1514 quam
793 1428 962 1513 jacentem
987 1429 1021 1490 in
1047 1427 1114 1491 solo
1139 1448 1234 1490 sacco
1267 1429 1446 1492 straminis
1476 1440 1511 1493 et

370 1535 504 1620 quidem
543 1534 697 1597 indutum
729 1534 797 1598 sola
829 1545 919 1597 veste
958 1533 1128 1618 religiosa,
1166 1556 1265 1619 quam
1301 1532 1510 1620 plerumque

370 1640 548 1705 obsoletam
588 1641 748 1725 gestabat.
806 1640 967 1705 Convixit
1001 1640 1081 1704 mibi
1121 1641 1245 1705 ibidem
1279 1640 1507 1726 Theologiam

370 1748 502 1812 docenti
526 1750 623 1813 annis
647 1747 781 1833 aliquot,
807 1759 839 1811 et
863 1750 986 1812 mansit
1009 1750 1109 1812 etiam
1134 1759 1207 1833 post
1230 1746 1467 1813 abolitionem.

460 2014 640 2101 Gregorius
663 2015 787 2102 Major,
824 2016 1010 2100 Episcopus
1042 2017 1124 2078 ritus
1147 2018 1276 2098 graeei,
1314 2036 1357 2077 ex
1384 2014 1506 2080 libera-

369 2121 461 2186 litate
486 2122 657 2206 Augustae
679 2124 805 2187 Mariae
827 2122 1005 2186 Theresiae
1031 2120 1175 2185 obtinuit
1197 2122 1338 2186 fundum
1364 2124 1403 2186 in
1429 2124 1504 2188 sub·

370 2230 465 2293 urbio
492 2228 687 2309 Cibiniensi,
713 2232 769 2316 qui
795 2230 930 2292 Patrum
956 2229 1160 2293 Jesuitarum
1185 2229 1306 2310 suerat,
1332 2230 1369 2293 in
1396 2252 1505 2316 eoque

371 2358 429 2421 pro
464 2347 628 2399 structura
661 2336 774 2421 templi
813 2338 957 2420 primum
991 2336 1200 2400 fundamenti
1234 2335 1383 2421 lapidem
1419 2339 1505 2423 jecit

370 2465 458 2507 anno
486 2442 581 2521 1778,
607 2442 660 2506 die
687 2444 737 2507 15.
763 2442 959 2524 Octobris1).

460 2640 594 2703 Patrum
618 2638 822 2702 Jesuitarum
856 2639 1035 2702 residentia
1060 2638 1408 2703 VAradOlasziensis
1441 2661 1502 2726 pro

371 2744 546 2809 educanda
581 2768 640 2830 pro
672 2745 757 2810 clero
785 2748 920 2831 juniore
952 2747 1130 2830 juventute
1162 2746 1322 2809 saeculari
1355 2749 1502 2811 nationis

371 2851 574 2916 Valachicae
607 2854 784 2938 impetrata
817 2862 882 2917 est:
920 2875 984 2937 quo
1019 2875 1118 2937 super
1150 2852 1296 2936 benigna
1331 2853 1504 2918 Resolutio

371 2961 463 3042 regia
487 2962 657 3023 emanavit
681 2983 768 3024 auno
796 2962 891 3041 1792,
918 2960 971 3023 die
997 2963 1049 3024 21.
1076 2959 1291 3044 Februarii2).

462 3154 630 3240 Abrogato
663 3154 837 3220 Societatis
861 3156 942 3220 Jesu
967 3155 1110 3231 Ordine,
1148 3156 1399 3239 Ungvarienses
1431 3158 1503 3243 ejus

373 3260 472 3324 aedes
505 3284 564 3347 pro
597 3263 776 3326 residentia
809 3262 989 3347 episcopali
1016 3262 1223 3346 designatae,
1260 3285 1299 3325 ao
1333 3286 1503 3328 unacum

374 3370 530 3451 contigua
564 3370 671 3433 eidem
706 3370 861 3449 ecclesia,
896 3391 983 3432 novo
1018 3370 1075 3432 fini
1110 3372 1347 3433 convenienter
1380 3372 1504 3435 instau-

374 3485 476 3553 ratae,
501 3477 567 3538 imo
592 3476 731 3539 ecclesia
756 3475 838 3539 haec
863 3478 951 3538 facta
975 3475 1096 3539 exinde
1122 3476 1361 3556 cathedralia).

407 3723 429 3791 ¹)
448 3727 502 3775 Clr.
530 3726 654 3783 Benkb,
680 3729 821 3788 Milkoria,
850 3743 876 3790 p.
896 3738 946 3787 351
973 3727 1042 3789 jeus.
1068 3728 1280 3791 ephemeridibus
1307 3729 1508 3779 Vindobonen·

446 3797 518 3845 sibus
538 3798 570 3845 ud
591 3798 698 3846 citatum
720 3798 789 3846 diem
813 3809 852 3859 15.
873 3800 998 3846 Octobris
1018 3815 1060 3851 an.
1084 3800 1158 3861 1778.

406 3873 429 3941 ')
449 3878 503 3930 cfr.
524 3879 637 3926 Brevis
657 3878 797 3926 historia
816 3879 1036 3942 Episcopatus
1062 3896 1103 3940 gr.
1132 3896 1151 3927 r.
1171 3879 1239 3927 cath.
1261 3882 1509 3941 Magno-vara·

448 3950 596 3997 dinensis
616 3952 659 3998 cit.
679 3965 704 4012 p.
726 3950 767 4010 56.

407 4028 428 4082 ⁸l
448 4029 501 4077 cfr.
523 4030 678 4087 Mondok,
709 4031 913 4077 Schemotr'smus
930 4033 1087 4078 venerabilis
1105 4033 1171 4077 cleri
1190 4032 1287 4091 graeci
1304 4033 1376 4079 ritus
1395 4036 1509 4082 catholi-

447 4116 538 4148 corum
566 4102 698 4149 Dioecestb
726 4103 937 4149 Munkdcsiensm
964 4104 1000 4148 ad
1027 4119 1127 4149 annum
1158 4097 1241 4165 1878,
1271 4101 1316 4152 cit.
1345 4117 1370 4165 p.
1401 4106 1453 4164 38;
1483 4113 1510 4155 et

449 4172 576 4229 Pelesz,
608 4174 758 4220 Gescln'clrte
781 4175 830 4220 der
852 4174 937 4221 Union
963 4175 1011 4222 der
1031 4174 1214 4220 ruthem'sclrcn
1234 4173 1333 4220 Iii'rclre
1358 4179 1410 4223 mit
1429 4179 1513 4242 Rom,

447 4252 465 4294 t.
486 4256 509 4302 2,
529 4260 573 4307 pp.
598 4255 779 4308 [ομ-1042.
