3725 5617
571 662 641 714 Acta
658 660 708 714 sub
728 661 877 715 Athanasio
896 663 951 716 rite
969 662 1126 715 confirmato
1147 664 1332 719 1701-1713.
1463 661 1518 715 327

383 801 572 878 gratiarum
603 805 734 868 actione
773 827 831 889 pro
863 807 963 869 tantis
994 804 1167 872 beneficiis
1196 805 1355 871 ecclesiae
1386 816 1517 871 nostrae

386 907 505 971 unitae
534 931 575 973 ao
600 909 686 974 clero
710 913 865 976 universo
890 911 1017 976 collatis
1046 934 1158 977 coram
1181 912 1375 978 Eminentia
1398 912 1517 979 Vestra

387 1030 668 1099 compareremus.
715 1018 840 1083 Verum
872 1018 962 1105 quod
993 1028 1073 1083 tunc
1105 1017 1282 1083 multitudo
1310 1021 1517 1103 negotiorum

390 1116 578 1204 impedivit,
604 1146 694 1189 nunc
714 1146 791 1189 cum
807 1124 1003 1189 humillimis
1019 1127 1106 1190 votis
1130 1146 1169 1189 ac
1191 1128 1372 1209 gratiarum
1387 1128 1518 1190 actione

389 1243 452 1289 nos
475 1241 724 1313 praesentamus
747 1242 975 1317 optamusque,
1001 1241 1038 1296 ut
1061 1232 1153 1298 Deus
1177 1243 1226 1295 ter
1241 1231 1396 1317 Optimus
1411 1232 1517 1297 Maxi·

393 1349 467 1397 mus
497 1334 725 1402 Eminentiam
756 1339 910 1404 Vestram
944 1361 1043 1425 quam
1077 1339 1261 1403 diutissime
1292 1361 1351 1424 pro
1382 1340 1432 1404 sui
1464 1360 1518 1403 no

396 1440 493 1505 minis
514 1441 629 1526 gloria,
654 1444 813 1510 ecclesiae
828 1459 959 1511 nostrae
975 1446 1090 1511 solatio
1108 1446 1235 1511 salvam
1259 1468 1299 1510 ac
1315 1445 1516 1511 incolumem

398 1562 589 1614 conservare
614 1551 783 1636 dignetur,
808 1551 910 1639 idque
934 1553 1130 1618 humillimis
1153 1552 1308 1639 precibus
1331 1573 1517 1618 exoramus.

405 1644 561 1740 Deinceps
585 1680 716 1745 quoque
740 1658 913 1723 ecclesiam
939 1672 1083 1724 nostram
1110 1659 1300 1746 clerumque
1324 1662 1517 1724 universum

407 1756 635 1828 zelantissimae
668 1765 880 1829 Eminentiae
913 1766 1053 1831 Vestrae
1085 1768 1211 1851 gratiae
1248 1789 1288 1831 ac
1320 1767 1517 1852 protectioni

411 1863 552 1935 t“lversus
584 1871 861 1937 heterodoxorum
888 1875 1174 1959 impugnationem
1205 1896 1304 1961 quam
1333 1873 1518 1938 humillime

414 1979 711 2043 recommendamus.
749 1980 813 2044 Pro
837 2003 903 2066 qua
918 1981 1129 2045 Eminentius
1144 1980 1283 2046 Vestrae
1302 1982 1409 2065 gratia
1425 1980 1518 2044 Deus

415 2090 619 2150 remunerator
641 2096 674 2150 et
697 2109 757 2150 nos
779 2089 866 2151 servi
890 2086 1079 2171 humillimi,
1105 2086 1434 2173 obedientissimique
1457 2085 1518 2150 filii

414 2194 575 2255 11lucemus.

486 2315 712 2382 Albae-duliae
737 2318 767 2381 8.
792 2317 991 2382 Novembris
1015 2341 1068 2384 an.
1096 2319 1192 2382 1701.

440 2434 493 2512 (L.
515 2439 562 2524 S.)
672 2441 917 2507 Athanasius
942 2442 1100 2506 ecclesiae
1118 2441 1319 2507 Valaohicae
1342 2465 1402 2528 per
1416 2443 1518 2508 Tran-

689 2547 865 2613 silvaniam
889 2551 999 2632 graeci
1019 2552 1101 2613 ritus
1118 2551 1231 2613 unitae
1247 2550 1434 2635 Episcopus
1456 2570 1496 2614 ac

766 2656 921 2741 Synodus
945 2656 1108 2740 generalis
1132 2678 1207 2719 cum
1232 2666 1299 2719 toto
1324 2656 1421 2722 clero.

947 2860 974 2912 0.

605 2958 760 3024 Litorae
785 2958 997 3043 synodicae
1022 2958 1069 3025 od
1094 2960 1309 3025 Gaesarem.

631 3120 875 3203 Angustissime
901 3118 1033 3198 Caesar,

464 3222 615 3305 Domine,
641 3227 786 3289 Domine
810 3226 906 3289 nobis
930 3225 1125 3289 naturaliter
1150 3223 1425 3289 Clementissimc.

485 3358 617 3437 Quanto
642 3359 810 3423 uberiores
841 3383 860 3422 a
884 3359 1114 3424 Sacratissima
1138 3357 1311 3443 Majestate
1335 3355 1454 3419 Vestra
1486 3356 1521 3418 in

380 3434 468 3525 dies
496 3468 530 3529 in
563 3466 738 3530 ecclesiam
762 3476 907 3529 nostram
941 3465 1085 3528 derivari
1118 3465 1310 3548 experimur
1338 3464 1520 3547 gratiarum

379 3548 521 3656 alveos,
555 3582 648 3637 tanto
671 3574 804 3636 arctiori
835 3572 1050 3657 gratitudinis
1082 3592 1121 3634 ac
1150 3569 1361 3654 obligationis
1386 3568 1521 3633 vinculo

380 3643 559 3762 Majestati
595 3679 734 3743 Vestrae
770 3679 1019 3744 Sacratissimae
1064 3700 1123 3742 nos
1159 3675 1332 3741 obstrictos
1375 3675 1521 3760 profiteri

380 3773 564 3851 Ilecessum
589 3795 648 3851 est.
687 3787 832 3849 Minores
854 3787 958 3868 Regia
975 3786 1148 3870 Majestate
1172 3782 1349 3869 reputabat
1364 3782 1522 3867 Majestas

377 3854 417 3924 V

422 3902 512 3957 astra
545 3893 778 3959 Sacratissima
811 3895 951 3977 gratias,
988 3914 1070 3977 quas
1106 3893 1139 3954 in
1174 3890 1430 3955 clementissimo
1464 3910 1522 3952 suo

425 3989 583 4082 iplomate
608 4000 802 4064 ann01699
828 3999 989 4063 ecclesiae
1014 4008 1144 4062 nostrae
1167 3999 1278 4081 graeci
1303 3998 1386 4060 ritus
1410 3998 1523 4059 unitae

406 4108 630 4191 enignissime
655 4106 850 4188 contulerat,
876 4108 940 4170 nisi
966 4127 1053 4169 anno
1078 4104 1220 4185 labente,
1245 4125 1310 4189 quo
1336 4104 1405 4188 ipse
1420 4103 1522 4166 Reve-

372 4198 608 4279 ‘endiasimus
632 4214 798 4278 Dominus
823 4214 1010 4298 Episcopus
1042 4213 1076 4276 in
1108 4209 1189 4274 urbe
1213 4219 1354 4295 augusta
1386 4211 1420 4273 in
1453 4230 1522 4295 per-

372 4308 473 4383 ⁸0ua
495 4324 696 4407 comparuit,
722 4323 819 4386 novis
844 4320 1028 4405 privilegiis
1052 4342 1091 4383 ac
1111 4318 1245 4405 juribus
1270 4315 1443 4381 ecclesiam
1468 4337 1523 4379 no·

372 4416 492 4492 gtrum
516 4451 556 4492 ac
581 4428 704 4492 clerum
730 4427 987 4492 clementissime
1015 4435 1204 4490 recreasset.
1251 4424 1315 4488 Pro
1340 4445 1405 4509 quo
1429 4422 1523 4487 Deus

374 4512 447 4595 ter
466 4534 619 4622 Optimus
644 4536 812 4599 Maximus
844 4536 1111 4600 Sacratissimam
1135 4532 1344 4618 Majcstatem
1369 4530 1522 4594 Vestram

373 4632 491 4706 (luam
521 4641 707 4707 diutissime
739 4642 866 4707 salvam
899 4663 939 4705 ac
970 4640 1170 4704 incolumem
1202 4660 1261 4724 pro
1295 4638 1345 4701 sui
1377 4636 1526 4701 nominis
