3725 5617
367 610 423 664 910
560 607 591 661 L.
611 608 640 659 V.
682 609 721 662 De
740 606 845 661 Unicne
863 604 1051 659 Ruthencrum
1069 609 1099 657 et
1117 606 1309 658 Arinenorum.

369 767 440 817 qrrae
460 766 522 804 vero
539 752 678 817 pertinent
699 750 808 803 adires
828 748 927 815 primes
948 747 1005 815 eJus
1025 745 1100 800 Sedis
1113 745 1278 813 Episcopus:
1299 746 1501 815 Gregorium

369 840 557 893 Terkovics
585 839 818 906 (1818-1811),
849 836 1032 903 Josephum
1061 835 1238 903 Gagunecz
1268 835 1501 904 (rats-mnu

370 929 541 982 Nicolaum
560 928 648 981 roth
667 928 748 993 11816
760 958 793 967 -
806 928 900 990 18811,
924 925 1012 979 videri
1031 931 1161 992 poterunt
1180 925 1209 978 in
1229 926 1346 977 vectitiis
1366 925 1501 977 historicis

371 1018 565 1072 Schematismo
590 1016 754 1071 venerabilis
782 1016 848 1070 cleri
872 1014 1023 1069 dioecesani
1043 1013 1179 1082 praefixis.
1216 1014 1289 1067 Erat
1316 1021 1413 1066 autem
1431 1012 1501 1067 11100

371 1107 432 1160 laus
450 1106 522 1160 noth
547 1107 663 1160 antistes
683 1106 763 1173 plane
781 1121 910 1173 magnus,
941 1120 993 1157 non
1013 1102 1136 1156 doctrina
1154 1102 1248 1167 modo,
1277 1102 1326 1157 sed
1347 1109 1378 1155 et
1396 1102 1501 1170 pietate.

370 1195 430 1248 aele
449 1195 596 1263 apostolico
625 1197 793 1260 aliarumque
812 1194 947 1246 virtutum
967 1192 1158 1259 episcopalium
1177 1191 1311 1259 exemplis
1332 1191 1500 1259 conspicuas:

372 1286 519 1339 immatura
537 1291 626 1339 morte
650 1284 804 1339 vehementi
823 1283 941 1336 omniurn
960 1282 1050 1335 dolore
1075 1281 1180 1335 erinis
1205 1288 1320 1348 ereptus
1347 1297 1420 1334 euno
1441 1279 1501 1332 188.)

371 1374 486 1442 dignum
505 1380 601 1426 nactus
620 1380 663 1427 est
681 1389 858 1426 successorem
872 1372 978 1427 Rruum.
993 1371 1086 1424 Duum.
1108 1370 1128 1425 J
1132 1386 1273 1423 oannem
1286 1369 1401 1437 Valgi,
1420 1369 1500 1422 sirum

371 1470 403 1516 et
420 1463 508 1530 ipsum
528 1461 624 1516 nobilis
644 1462 749 1530 ingenii
774 1462 931 1529 amplaeque
950 1460 1103 1524 doctrinae,
1129 1459 1252 1512 cuicum
1272 1458 1354 1511 ritae
1374 1457 1500 1511 diuturni·

372 1556 431 1604 tate
444 1550 536 1604 fausta
549 1552 667 1604 ornniaa
683 1551 793 1604 Douriuo
807 1548 996 1617 apprecamur!
1031 1552 1077 1606 Et,-
1090 1548 1174 1598 notrici
1189 1546 1250 1611 inp!
1271 1548 1386 1600 ,11110110
1384 1547 1419 1612 jo
1438 1546 1501 1599 lita!

445 1683 558 1737 Lectore
583 1683 757 1737 historiarum
783 1683 904 1736 studioso
929 1682 1017 1750 igitur
1048 1682 1081 1734 ad
1107 1683 1205 1734 citatos
1231 1689 1363 1735 auctores
1389 1681 1499 1742 remica

371 1772 460 1826 visum
480 1778 522 1826 est
540 1772 590 1826 hoc
608 1772 664 1825 loco
683 1771 717 1824 ad
737 1771 880 1837 aliqualem
900 1771 1011 1825 exilium
1029 1770 1210 1838 symbolarum
1228 1769 1434 1823 absolutionem
1452 1769 1500 1822 tria

374 1861 497 1914 recentia
524 1862 684 1914 documenta
717 1861 890 1914 sincerissimi
919 1860 1105 1913 Ratlreuorum
1139 1859 1166 1912 in
1195 1859 1290 1912 Sedcm
1321 1859 1501 1926 Apostolicun

372 1950 474 2003 amoris
493 1948 603 2003 Latinis
629 1949 662 2002 ad
687 1950 848 2003 imitandum
867 1948 1002 2017 proferre,
1030 1964 1081 2014 quo
1100 1955 1194 2000 nostra
1222 1946 1365 2014 (dolenter
1383 1947 1500 2015 dicimus}

376 2053 456 2105 saepe
475 2045 585 2106 torpens
604 2038 705 2091 inertia
723 2040 797 2092 clara
815 2039 865 2092 sibi
886 2046 969 2104 atque
987 2037 1107 2091 efficacia
1127 2052 1159 2090 ex
1179 2036 1212 2089 iis
1231 2044 1327 2089 sumat
1340 2036 1500 2090 incitationis

370 2128 457 2180 studii
477 2127 607 2195 exempla.

922 2411 948 2476 Ι.

392 2558 457 2623 Ex
481 2557 619 2625 literis
643 2558 940 2638 gratulatoriis
965 2557 1156 2636 Episcopi
1178 2557 1339 2623 Nicolei
1359 2556 1478 2629 retu.

436 2675 495 2733 cot·
517 2666 704 2753 μακαρίτου,
730 2673 785 2740 ad
810 2674 935 2740 Pium
960 2673 1034 2739 PP.
1059 2673 1123 2739 IX.
1149 2673 1432 2753 010111011οω

702 2789 926 2870 episcopali
950 2801 1019 2854 en.
1045 2788 1162 2856 1877.

444 2954 620 3008 Sanctissimc
641 2955 737 3010 Pater!
830 2956 931 3024 lingna
951 2970 1014 3008 rere
1033 2955 1103 3007 circa
1120 2955 1158 3007 Te
1177 2954 1370 3020 providentiae
1389 2955 1496 3007 divinae

368 3042 508 3111 dignatio,
537 3060 624 3110 aqrra
643 3046 700 3097 sola
721 3045 867 3110 repetenda
893 3054 935 3097 est
955 3044 1096 3112 longit-udo
1116 3044 1232 3106 dierum,
1262 3059 1317 3108 qrra
1343 3044 1372 3097 in
1391 3045 1488 3097 Seres

370 3131 446 3185 Petri
471 3147 552 3198 super
571 3149 661 3186 onrues
682 3134 897 3201 praedecessores
916 3134 1048 3200 repletum
1067 3133 1105 3187 Te
1124 3134 1272 3186 ceruimus:
1300 3132 1420 3186 raritate
1438 3133 1495 3186 illu·

369 3227 441 3284 stre,
471 3221 661 3289 magnitudine
686 3222 826 3290 singulare
851 3222 1009 3275 beneficium
1035 3220 1084 3274 Ilei
1115 3235 1172 3274 esse
1197 3221 1346 3276 credimus.
1375 3223 1446 3287 quod
1470 3223 1494 3275 in

368 3308 521 3362 Sanctitate
540 3310 640 3362 Vestra
660 3327 712 3363 nou
731 3312 816 3363 solnm
836 3312 1015 3373 sacerdotem,
1044 3310 1089 3363 sed
1115 3317 1141 3362 et
1164 3310 1325 3377 Episcopum
1345 3312 1495 3364 animarum

367 3403 522 3451 nostrarum
537 3398 683 3465 jubilarent
697 3399 861 3453 christianus
879 3399 951 3452 orbis
965 3401 1052 3452 laetus
1066 3400 1188 3452 venerari
1208 3407 1235 3453 ct
1250 3398 1389 3452 celebrare
1403 3401 1494 3467 possit

367 3486 439 3539 Mira
463 3487 550 3540 nostri
570 3488 648 3540 cura!
686 3488 800 3556 Digitus
827 3493 869 3541 cst
887 3488 930 3541 hic
950 3488 1012 3551 ini,
1041 3488 1086 3553 qui
1105 3488 1143 3541 Te
1163 3487 1190 3540 in
1209 3488 1310 3540 solies
1341 3489 1418 3541 Petri
1441 3490 1494 3554 jann

368 3575 462 3628 lustris
487 3576 533 3629 rin
559 3584 641 3630 autea
668 3576 733 3630 visis
758 3583 851 3630 servat
870 3576 967 3630 inundo
993 3576 1152 3629 incolumem
1178 3583 1378 3643 vegetamque.
1406 3587 1492 3631 serrat

369 3670 508 3731 regentem
528 3664 670 3732 navigium
691 3666 781 3729 Petri,
801 3672 923 3719 tuentem
943 3666 1045 3718 Christi
1064 3681 1176 3733 gregem
1195 3665 1269 3718 inter
1288 3666 1368 3732 lupos
1387 3683 1493 3734 rapaces

368 3753 487 3819 undique
513 3753 687 3807 insidiantes!
789 3754 960 3822 Singulnrcrn
985 3754 1054 3806 hune
1079 3753 1200 3806 furorem
1225 3754 1281 3805 ‹rrlri
1302 3756 1439 3808 catholico
1462 3756 1492 3808 ad

368 3841 481 3909 primam
509 3842 595 3896 vicem
625 3842 752 3895 collatum
782 3843 967 3896 intercessioni
995 3841 1199 3910 lleigcnitricis.
1228 3842 1305 3908 cnjus
1335 3845 1441 3906 alariae
1467 3845 1491 3896 in

367 3930 449 3983 terris
474 3931 589 3998 gloriam
616 3938 760 3999 conceptus
786 3932 952 3984 immaculati
977 3947 1036 3984 cum
1054 3930 1143 3983 salute
1163 3931 1223 3984 tidei
1250 3932 1377 3986 credendi
1403 3936 1493 3987 1100101

368 4019 453 4071 totius
473 4020 608 4073 Ecclesiae
627 4026 655 4073 ct
674 4019 806 4086 magister
825 4019 980 4074 addideras.
1000 4035 1053 4071 una
1073 4019 1170 4071 Tecum
1191 4021 1298 4084 «pridem
1320 4023 1396 4078 grati
1417 4024 1491 4074 artri·

367 4105 486 4160 buirnus:
506 4115 550 4160 ast
570 4108 711 4161 referimus
730 4110 846 4174 acceptis
863 4108 918 4160 llco
940 4138 969 4145 -—
992 4108 1206 4164 censuerimus
1227 4139 1258 4146 —
1280 4111 1366 4163 etiarn
1387 4121 1492 4177 propter

366 4196 463 4249 merita
475 4203 582 4249 luorum
593 4213 709 4264 operurn.
724 4197 819 4262 quinus
832 4198 1013 4264 spectaculum
1025 4198 1114 4249 iactus
1125 4214 1152 4250 es
1164 4199 1261 4250 inundo
1276 4207 1304 4250 et
1318 4201 1439 4262 Angelis
1452 4243 1457 4252 .
1468 4239 1490 4253 ..

438 4337 599 4391 Beatissinre
618 4337 716 4390 Peter!
743 4338 837 4391 beatus
857 4355 884 4391 cs
904 4349 976 4392 00110
996 4354 1047 4390 non
1067 4338 1160 4402 solum,
1180 4339 1250 4404 qumi
1270 4355 1319 4406 per
1338 4341 1488 4393 uniuersam

367 4425 517 4479 Ecclesiam
536 4425 592 4488 illa,
612 4442 690 4492 quarn
710 4428 844 4480 revelarit
866 4428 948 4480 l‘ater
967 4427 1098 4482 coelestis.
1124 4429 1255 4480 corrt'cssio
1275 4427 1353 4481 Petri
1383 4430 1410 4482 iu
1435 4429 1488 4482 urri-

366 4530 444 4568 verso
464 4513 561 4566 mundo
580 4522 714 4581 personet,
741 4517 786 4569 sed
806 4517 874 4582 qnod
894 4515 1091 4569 communicans
1111 4515 1212 4568 tflrristi
1238 4517 1411 4583 pressionibus
1436 4519 1489 4585 ipse

365 4617 469 4669 quoquc
488 4618 536 4670 per
555 4618 658 4657 cruceni
679 4604 815 4670 exalteris,
835 4617 867 4659 ut
885 4606 976 4659 omnnia
994 4606 1135 4673 pertraluei
1154 4605 1188 4658 ad
1209 4604 1362 4661 tlensium:
1382 4607 1488 4660 1101111111
