3725 5617
571 656 609 709 De
628 656 793 724 principibus
812 657 964 711 lloldaviae
984 657 1011 711 in
1030 657 1115 711 Tiroli
1134 658 1277 712 slelrrnetis.
1435 662 1488 712 989

412 891 436 941 5.
467 889 513 942 Eh-
534 889 610 942 Actis
635 889 727 942 Patris
746 889 820 943 Jrrlr'i
841 890 1022 956 blainmont,
1041 891 1190 959 apostolici
1198 892 1236 956 ,in
1264 892 1395 944 l'atachiu
1414 898 1440 944 et

739 978 884 1030 Moldauia
906 979 1112 1044 rarissiormrid).

440 1109 470 1163 Ρ.
487 1109 578 1164 Julius
589 1109 773 1171 blancinellus,
792 1110 883 1177 patria
902 1111 1106 1176 hlaceratensis,
1123 1113 1166 1166 vir
1185 1129 1238 1166 non
1257 1112 1285 1166 in
1300 1112 1383 1166 ltalia
1395 1112 1489 1178 solum,

365 1199 460 1253 sedin
480 1199 588 1266 Europa
606 1199 742 1260 anniversa,
771 1206 853 1266 atque
873 1200 939 1254 adeo
958 1200 987 1254 in
1006 1201 1079 1266 Asia,
1106 1202 1133 1254 iu
1153 1201 1255 1266 Africa,
1281 1200 1354 1255 inter
1379 1201 1488 1265 Turcas,

366 1297 394 1342 et
418 1289 527 1342 Mauros
554 1287 676 1344 illustris.
721 1288 808 1356 Hujus
834 1288 975 1343 historiam
1002 1290 1054 1344 viri
1077 1289 1151 1359 justo
1177 1290 1314 1344 volumine
1338 1290 1489 1357 complexus

366 1383 410 1431 est
437 1376 591 1432 Jacobus
617 1376 837 1445 Cellesius²);
872 1379 984 1432 eandem
1008 1378 1122 1434 Simon
1142 1379 1230 1432 hlair
1254 1379 1368 1433 latinam
1392 1377 1489 1436 fecitb.

368 1468 428 1537 Ego
447 1484 577 1521 summam
597 1466 728 1535 colligens
748 1482 845 1531 rerum,
871 1482 937 1533 quas
957 1468 1134 1522 hlancinellus
1159 1485 1207 1537 pro
1226 1468 1377 1522 animannn
1401 1467 1490 1521 salute

366 1557 494 1624 suscepit,
512 1555 608 1625 gessit,
627 1572 659 1610 ac
671 1554 793 1623 pertulit,
813 1555 950 1610 affirmare
968 1557 1064 1622 atesim,
1083 1573 1116 1611 ex
1136 1563 1179 1610 tot
1197 1557 1328 1625 operariis
1347 1556 1490 1610 societatis

368 1645 452 1700 luisse
472 1645 615 1708 neminem,
640 1645 684 1698 cui
703 1653 759 1698 tam
778 1646 971 1700 convenienter
989 1655 1084 1714 aptare
1109 1648 1192 1701 liceat
1210 1661 1279 1714 quae
1298 1646 1331 1700 de
1350 1663 1378 1699 se
1396 1646 1492 1700 scribit

368 1734 514 1804 Apostolus
534 1734 643 1797 Paulus,
669 1734 714 1787 ubi
734 1734 837 1788 labores
857 1751 918 1788 suos
938 1741 966 1788 ct
985 1736 1105 1803 pericula
1124 1742 1252 1790 recenset.
1296 1737 1366 1790 Sarra
1392 1741 1492 1802 tempe·

368 1824 488 1878 statibus
507 1831 536 1877 et
554 1823 612 1891 ipse
627 1823 750 1891 jactatus
769 1829 811 1877 est
829 1839 917 1891 saepe,
946 1839 1026 1891 saepe
1045 1825 1221 1894 naufragium
1241 1824 1320 1889 t'eeit;
1347 1824 1434 1876 inulta
1458 1823 1492 1877 ab

370 1914 485 1968 infernis
504 1911 653 1981 spiritibus,
673 1911 811 1965 multaab
831 1912 983 1966 hominibus
1010 1914 1137 1981 improbis
1161 1929 1256 1981 passus
1281 1909 1334 1978 est;
1362 1929 1411 1967 nec
1436 1912 1493 1967 lere

369 2011 411 2058 est
431 2003 572 2058 molestiae
590 2009 639 2055 aut
659 2001 770 2069 periculi
789 2018 884 2069 genus,
910 2003 980 2068 quod
998 2020 1052 2056 non
1071 2003 1099 2056 in
1124 2003 1246 2070 pluribus
1273 2001 1494 2068 difficillimisque

371 2091 515 2146 itineribus
534 2091 685 2144 animarum
710 2090 799 2144 studio
819 2092 952 2159 susceptis
970 2092 1092 2150 sribierit.
1117 2091 1215 2161 gracili
1240 2092 1412 2158 caeteroquin
1438 2107 1494 2144 cor-

370 2196 444 2250 pore,
463 2187 492 2234 et
511 2180 668 2234 valetudine
687 2195 782 2247 parum
801 2179 884 2233 lirina.
914 2181 1019 2233 Exacto
1032 2181 1133 2235 Romae
1147 2181 1272 2234 tirocinio
1286 2181 1493 2249 (teas-1560),

369 2277 400 2324 et·
418 2270 569 2322 studiorum
593 2269 656 2322 orbe
679 2268 808 2324 errnlccto.
835 2269 921 2323 dirim
947 2269 1022 2323 verbi
1051 2270 1201 2324 ministerio
1227 2276 1315 2324 totum
1339 2287 1367 2324 se
1387 2268 1493 2337 adJ'ecit,

368 2360 442 2425 quod
462 2364 542 2411 tanta
560 2357 699 2411 tractabat
718 2358 888 2424 eloquentiae
909 2358 943 2424 vi,
969 2367 1001 2411 nt
1020 2375 1132 2428 magnos
1151 2376 1255 2427 senrpcr
1280 2365 1368 2412 motus
1394 2359 1495 2411 anima-

370 2464 432 2503 rum
452 2447 479 2500 in
500 2446 596 2514 populo
616 2447 772 2506 concitaret,
792 2464 840 2501 nee
854 2449 910 2501 lere
923 2449 1073 2502 discederet
1086 2450 1247 2504 scorcione.
1263 2449 1328 2515 qrrin
1342 2464 1402 2502 eum
1416 2447 1497 2500 turha

371 2536 592 2603 lacrymantium,
618 2544 647 2590 et
672 2535 760 2588 uuiliri
786 2552 833 2603 pro
859 2536 1026 2591 confessione
1052 2537 1249 2605 postulantium
1278 2537 1496 2591 circumsisteret.

370 2625 491 2678 Auditus
517 2633 559 2678 est
577 2625 623 2677 diu
648 2624 674 2676 in
695 2624 759 2677 urhe
778 2625 871 2680 Rorna.
910 2627 960 2679 Sed
986 2627 1060 2680 illarn
1084 2627 1156 2680 orbis
1182 2633 1316 2680 terrarum
1341 2642 1429 2680 arcem
1455 2626 1497 2678 vir

367 2713 581 2769 molestissimus
601 2713 738 2767 theatrum
763 2714 844 2767 nimis
863 2715 1032 2781 splendidum
1057 2722 1086 2768 ct
1109 2718 1227 2782 amplum
1251 2725 1359 2782 putans,
1387 2730 1495 2782 parem·-

366 2820 430 2858 rere
449 2802 545 2856 deinde
564 2802 686 2855 instituit
705 2804 808 2855 ruiuora
827 2803 933 2869 oppida,
959 2811 988 2857 ct
1007 2803 1140 2871 ignobiles
1160 2820 1251 2871 pagos,
1278 2813 1309 2856 ut
1328 2803 1429 2856 faecem
1449 2801 1494 2854 ho·

367 2892 473 2946 minum
493 2891 627 2946 cumiret:
654 2907 706 2944 non
726 2892 781 2944 alia
800 2892 874 2946 adire
894 2892 991 2945 solitus
1010 2893 1167 2956 diversoria,
1191 2892 1243 2945 nisi
1269 2891 1375 2958 publica
1395 2906 1494 2958 paupe-

366 2996 431 3034 rum
451 2979 608 3042 nosocomia,
628 2986 710 3046 atquae
729 2981 775 3033 ubi
795 2980 860 3033 hirec
879 2982 1010 3045 ricemeris,
1030 2981 1099 3034 sartis
1112 2981 1216 3033 lautum
1230 2980 1374 3047 hospitium
1395 2987 1494 3046 pratens

364 3068 492 3123 oblatum
511 3085 574 3122 casu
593 3068 736 3126 stabulum.
757 3077 803 3122 arat
824 3070 937 3135 mapale.
975 3071 1137 3136 (briocunque
1156 3070 1301 3126 accederet.
1323 3070 1442 3122 latrones
1460 3068 1494 3120 ad

364 3173 443 3218 eum,
463 3158 543 3221 fures,
564 3157 719 3212 homicidae.
746 3158 850 3210 demum
870 3158 1051 3211 scelestissimi
1077 3159 1175 3225 orsique
1200 3157 1346 3210 veniebant
1371 3156 1495 3210 interiori

367 3247 507 3302 instinct-u
531 3246 608 3313 pulsi,
632 3251 663 3299 ut
682 3263 765 3300 onera
783 3247 963 3301 conscientiae.
982 3248 1154 3315 deponerent.
1192 3248 1219 3302 Si
1239 3248 1311 3300 ultro
1331 3247 1423 3299 ariense
1442 3263 1495 3299 nou

367 3345 492 3406 possent,
511 3343 561 3388 aut
580 3335 690 3399 nollent,
716 3352 760 3389 eos
780 3336 955 3402 reanrprimbat
981 3337 1037 3403 ipse
1062 3338 1088 3390 in
1109 3337 1206 3398 triviis,
1232 3337 1259 3389 in
1283 3337 1440 3389 carceribus.
1467 3335 1495 3387 in

368 3423 538 3488 triremibus,
558 3423 584 3476 in
604 3424 707 3478 intimis
726 3425 855 3477 silvanum
875 3425 1004 3489 latibulis,
1026 3433 1055 3478 ιιι
1070 3443 1162 3477 rrrrrrrr’s
1179 3427 1293 3477 t'hrr'sto
1310 3427 1495 3488 lucrifaceret.

372 3513 416 3566 sb
437 3512 478 3565 his
498 3512 657 3566 rrulimcntis
682 3514 715 3566 nd
735 3514 836 3581 rnajom
863 3531 1027 3581 progressus,
1054 3523 1139 3567 totam
1165 3529 1250 3580 paene
1278 3514 1410 3596 Europam
1435 3528 1495 3565 ιἰιιιι

369 3644 444 3654 -—--
531 3642 585 3648 —-·

406 3724 428 3787 ¹)
449 3723 606 3786 Scriptionis
636 3721 755 3768 brevitati
777 3723 895 3769 servitani
926 3723 1051 3770 lectorem
1082 3723 1157 3784 lustjus
1177 3724 1322 3783 :trgrunenti
1350 3723 1494 3769 strtrliosurn

448 3797 479 3842 ad
502 3795 583 3842 libros
604 3795 635 3840 de
655 3793 778 3840 laudibus
800 3795 885 3841 Patris
904 3795 970 3858 Julii
990 3805 1097 3855 agentes
1117 3795 1277 3854 delegantem,
1298 3794 1395 3841 selecta
1415 3809 1495 3855 ‹prrae-

448 3868 507 3913 dom
537 3881 567 3912 ex
588 3873 722 3912 surrrtraetn
751 3864 796 3911 illa
818 3866 869 3912 rita
898 3865 940 3912 hic
963 3875 1169 3927 repraesentasse
1199 3867 1329 3921 contenti,
1359 3882 1436 3928 ipram
1465 3881 1496 3910 cn

448 3937 562 3986 Cellesio
583 3937 627 3983 (lat
647 3936 804 3992 Cortlara,
827 3938 887 3982 llr'st
915 3941 971 3985 Soa
992 3939 1072 4000 siren.
1092 3947 1159 3998 part.
1179 3939 1212 3996 (a,
1232 3953 1272 3985 an,
1299 3939 1371 3983 rora.
1414 3938 1446 3982 lis
1466 3953 1496 3982 en

449 4009 521 4057 lente
550 4009 602 4054 (iria
622 4015 719 4054 tanturn
741 4019 875 4066 segmenta
905 4009 1093 4058 adscribimus.
1123 4009 1232 4055 alterum
1254 4009 1285 4054 de
1306 4009 1389 4070 priano
1414 4009 1497 4054 l'atris

451 4079 603 4128 blancinelli
625 4080 649 4125 in
673 4078 825 4126 b'alaclrium
847 4081 978 4139 inpressu,
999 4080 1108 4126 alterum
1129 4081 1161 4126 de
1181 4079 1236 4140 ejus
1256 4081 1324 4140 apud
1348 4079 1497 4125 bloldaviuc

449 4151 593 4214 principem
615 4151 829 4199 castrimetatione.

406 4230 431 4294 ς1
450 4229 512 4280 Vita
538 4232 579 4278 del
607 4245 681 4276 servo
707 4231 732 4276 di
755 4231 806 4277 Dio
837 4232 920 4276 l'adre
948 4231 1037 4277 tiinlio
1060 4230 1213 4278 blancinelli
1243 4229 1314 4277 della
1334 4229 1497 4290 (Torrrpagnia

449 4305 477 4352 di
497 4303 582 4357 (lesit,
612 4302 734 4349 dedicata
763 4301 815 4347 alla
834 4301 938 4350 Sarrtitb
966 4303 992 4348 di
1022 4312 1110 4349 nostro
1131 4303 1242 4360 signore.
1265 4303 1336 4363 Papa
1362 4301 1497 4346 (Ilernenta

450 4391 528 4422 rrorrc.
562 4377 660 4425 llorna.
689 4374 747 4435 Tip.
772 4375 876 4423 l'aresc.
906 4373 980 4422 rbbll.

408 4450 431 4521 ³)
454 4454 515 4501 h'ita
540 4454 628 4515 magni
654 4453 720 4500 servi
750 4453 797 4500 liei
828 4456 855 4500 l'.
883 4452 948 4515 Julii
977 4452 1131 4499 hlaininelli
1159 4453 1298 4500 societatis
1319 4455 1382 4516 Jesn
1409 4451 1497 4498 italice

450 4525 548 4586 scripta
567 4541 581 4571 a
601 4525 705 4588 Jacabo
721 4524 844 4581 (Zellesln,
864 4523 945 4570 latine
966 4524 1068 4570 reddita
1088 4541 1102 4570 a
1126 4527 1152 4571 l'.
1168 4525 1275 4572 Simone
1290 4525 1367 4572 hiair.
1386 4533 1497 4584 iitroque

450 4596 566 4658 ejusdem
579 4595 719 4642 societatis
730 4598 794 4658 Jesn
805 4597 950 4642 sacerdote.
967 4595 1118 4655 tierriponti.
1133 4597 1155 4640 T
1158 4610 1200 4656 yp.
1215 4594 1368 4642 ltcisaeher.
1384 4601 1496 4650 rhyp—

454 4672 481 4715 ln
501 4668 609 4714 citando
630 4667 697 4715 lihro
718 4675 806 4713 nostra
826 4667 872 4713 hur
896 4668 1080 4728 (rr-tripolitana
1101 4667 1216 4712 editione
1237 4675 1345 4712 ntenmr.
