3725 5617
469 645 523 699 834
659 646 691 701 1..
709 646 743 702 V.
780 646 821 701 De
839 644 945 701 Unione
962 643 1150 700 Buthenorum
1168 649 1198 697 et
1216 643 1409 697 Armenorum.

471 789 636 875 quomodo
660 790 763 874 possit
786 787 957 874 subjacere
981 787 1146 873 Episcopo
1171 785 1347 871 Agriensi,
1385 808 1494 872 quum
1517 807 1595 850 unus

470 896 657 983 Episcopus
680 918 746 960 non
770 895 876 960 subsit
898 894 1009 975 alteri3
1046 894 1228 974 sufficeret,
1252 895 1280 958 si
1306 892 1465 958 subesset
1489 892 1595 958 Archi·

471 1004 626 1089 episcopo
660 1002 897 1086 strigoniensi,
930 1011 964 1065 et
994 1002 1222 1086 suffraganeus
1254 1000 1521 1086 Metropolitano
1551 997 1596 1062 rel

470 1110 621 1176 Primati.

561 1225 614 1290 Ad
648 1226 724 1289 2d¹²¹²¹
756 1225 794 1289 R.
841 1224 1013 1288 Hactenus
1042 1223 1143 1287 fuisse
1174 1225 1253 1287 istos
1281 1222 1463 1288 Euthenos
1492 1245 1597 1288 omnes

471 1332 710 1410 schismaticos,
735 1333 801 1395 imo
826 1341 859 1395 et
888 1333 991 1395 variis
1020 1330 1213 1396 haeresibus
1242 1352 1285 1394 ex
1315 1332 1516 1416 ignorantia
1538 1352 1596 1394 sos·

472 1449 588 1520 tentes,
613 1438 670 1503 sed
695 1438 737 1502 ab
761 1440 876 1519 annis,
902 1449 938 1501 ut
962 1438 1228 1524 supradictum,
1253 1437 1375 1502 decem
1400 1437 1459 1503 vel
1485 1437 1595 1503 duode-

473 1548 538 1610 cim
572 1554 753 1631 coeperunt
786 1547 935 1609 converti
966 1567 1081 1610 eorum
1111 1544 1317 1623 sacerdotes,
1355 1547 1417 1632 qui
1442 1544 1595 1632 populum

471 1653 570 1739 plane
592 1653 710 1717 rudem
734 1674 844 1716 rorum
868 1652 1061 1716 divinarum
1085 1651 1323 1717 insensibiliter
1338 1652 1386 1716 ad
1404 1651 1596 1717 catholicam

472 1759 573 1825 fidem
596 1768 630 1823 et
652 1760 819 1824 Unionem
844 1758 1015 1823 Ecclesiae
1038 1758 1208 1824 reducent.

562 1874 617 1939 Ad
640 1876 711 1939 3³³².
759 1874 812 1938 An
838 1876 865 1939 si
889 1873 957 1939 Sua
982 1875 1147 1940 Sanctitas
1170 1874 1315 1961 aliquem
1339 1874 1519 1940 titularem
1541 1875 1597 1960 epi·

474 1993 645 2068 scopatum
679 1984 712 2046 in
742 1982 893 2067 partibus
924 1981 1089 2046 conferret
1111 1982 1289 2046 Parthenio
1318 1985 1477 2048 contenti
1500 1999 1596 2048 essent

474 2091 504 2154 ei
528 2088 662 2153 subesse
685 2088 846 2174 praedicti
871 2089 1059 2154 sacerdotes
1082 2112 1122 2153 ac
1146 2088 1315 2153 Rutheni?
1353 2089 1413 2154 R.:
1441 2090 1513 2175 Ipsi
1537 2091 1594 2176 qui·

474 2196 550 2260 dem
574 2195 725 2260 homines
748 2194 915 2280 simplices
940 2218 1007 2260 non
1031 2195 1170 2260 multum
1201 2197 1450 2280 investigarent
1475 2197 1597 2262 titulum

474 2304 685 2388 episcopatus
707 2299 889 2381 Parthenii,
915 2312 1090 2388 postquam
1106 2302 1206 2367 semel
1229 2302 1271 2366 ab
1296 2301 1363 2366 illis
1388 2303 1458 2368 fuit
1474 2303 1598 2370 electus.

475 2408 714 2495 subessentqu'e
739 2407 800 2491 illi,
831 2408 1011 2473 dummodo
1036 2409 1236 2495 episcopalia
1259 2411 1378 2474 munia
1408 2421 1447 2475 et
1473 2410 1599 2497 jurisdi-

476 2518 620 2581 ctionem
644 2517 732 2580 circa
761 2513 833 2578 illos
864 2527 1042 2581 exerceret.
1090 2516 1214 2580 Verum
1249 2519 1283 2580 in
1307 2520 1523 2583 contrarium
1537 2540 1600 2606 pos

475 2634 548 2686 sent
572 2624 686 2686 venire
711 2624 745 2686 in
769 2622 1067 2688 considerationem
1092 2626 1279 2709 sequentia:
1307 2623 1354 2688 1⁰.
1380 2624 1601 2714 Episcopatus

474 2727 744 2792 Munkacsiensis
769 2741 954 2794 remaneret
977 2753 1077 2816 penes
1101 2730 1346 2813 schismaticos,
1373 2733 1446 2797 imo
1472 2733 1600 2800 haereti·

475 2855 540 2916 cos,
566 2856 669 2920 quum
687 2836 769 2920 jam,
795 2837 843 2899 uti
868 2836 994 2900 dictum
1020 2848 1082 2919 est,
1105 2837 1294 2902 adhaeserit
1316 2836 1524 2906 calvinistis
1549 2843 1600 2905 iste

475 2940 723 3022 schismaticus,
753 2942 940 3007 sacerdotes
970 2966 1101 3029 quoque
1137 2966 1267 3020 omnes,
1299 2967 1385 3030 quos
1416 2947 1476 3013 illc
1500 2969 1599 3013 conse

475 3059 546 3112 crat
569 3059 600 3111 et
625 3060 875 3113 consecraturus
899 3059 961 3130 est,
986 3073 1052 3114 non
1077 3054 1204 3136 possint
1227 3039 1397 3137 accept'ari
1425 3055 1473 3120 ab
1498 3054 1600 3121 Eccle

478 3157 527 3218 sia
552 3177 658 3240 neque
682 3178 740 3241 pro
766 3156 992 3221 sacerdotibus
1016 3157 1151 3239 haberi,
1185 3170 1218 3221 et
1247 3158 1418 3245 quidquid
1453 3177 1599 3227 exercent

476 3260 634 3325 similium
660 3261 862 3345 officiorum,
895 3286 953 3349 pro
978 3266 1078 3328 irritis
1109 3276 1141 3326 et
1172 3264 1269 3328 nullis
1292 3272 1471 3351 reputari3
1503 3271 1549 3334 2⁰.
1569 3267 1597 3332 si

475 3367 674 3432 Parthenius
698 3369 799 3432 fuerit
821 3370 1090 3435 hlunkacsiensis
1114 3371 1312 3457 Episcopus,
1348 3395 1430 3459 spes
1455 3389 1542 3442 esset
1560 3397 1596 3439 re

477 3474 670 3560 cuperandi,
696 3477 795 3539 etiam
819 3477 925 3540 invita
950 3480 1147 3564 principissa
1176 3479 1412 3562 Rakocziana,
1449 3497 1596 3550 monaste·

476 3583 562 3644 rium
595 3581 872 3665 hlunkacsiense,
902 3593 935 3645 et
966 3607 1067 3669 pagos
1098 3585 1140 3648 ad
1173 3584 1253 3648 illud
1286 3588 1519 3670 pertinentes.
1549 3611 1594 3676 pro

476 3686 654 3751 Parthenio
679 3700 711 3751 et
727 3690 971 3753 successoribus
987 3691 1178 3777 Episcopis;
1204 3694 1229 3755 si
1255 3714 1335 3756 vero
1361 3693 1506 3762 alterius
1524 3695 1593 3762 tituli
1639 3723 1641 3728 ·

475 3793 575 3857 fuerit
592 3794 786 3881 Episcopus,
807 3818 871 3860 non
897 3796 1034 3861 habebit
1053 3799 1110 3883 jus
1133 3799 1303 3883 repetendi
1331 3799 1425 3866 bona
1452 3819 1486 3869 et
1502 3827 1594 3870 inons-

476 3902 611 3963 sterium
631 3902 899 3985 lllunkrlcsicnsc3
925 3906 973 3968 3⁰.
989 3905 1023 3969 Si
1049 3908 1297 3988 extingueretur
1322 3911 1466 3992 penitus
1489 3915 1594 4000 episto

477 4017 573 4092 patus
598 4006 651 4070 illc
677 4008 902 4073 lluthenorum
929 4013 962 4073 in
989 4012 1171 4096 Hungaria,
1197 4036 1258 4076 nec
1279 4031 1428 4099 apparet
1444 4017 1592 4106 quomodo

477 4115 580 4197 possit
611 4114 743 4177 subesse
779 4115 823 4179 illi
859 4116 982 4180 titulari
1011 4119 1187 4203 Episcop03
1222 4118 1274 4182 vel
1299 4124 1392 4186 enim
1422 4125 1593 4212 Episcopus

478 4218 532 4282 ille
557 4233 642 4284 osset
665 4221 800 4285 alterius
823 4221 885 4286 loci
911 4224 1116 4309 Episcopus,
1149 4237 1181 4288 et
1204 4236 1335 4291 tantum
1369 4252 1415 4295 ex
1442 4234 1592 4320 dispensu-

476 4327 567 4391 tione
601 4327 791 4413 Apostolica
823 4332 1083 4394 committeretur
1115 4332 1144 4394 ci
1176 4332 1369 4416 jurisdictio
1404 4353 1440 4403 ct
1469 4339 1592 4404 foculo,

476 4435 654 4497 exercendi
688 4436 888 4520 episcopalia
920 4460 1020 4522 supra
1051 4439 1130 4500 istos
1154 4438 1309 4523 populos:
1349 4454 1381 4505 ct
1421 4445 1505 4512 haec
1539 4465 1588 4510 noo

477 4549 562 4602 esset
586 4553 739 4604 constans
763 4566 801 4606 ao
826 4555 994 4628 perpetua,
1012 4546 1068 4608 scd
1095 4544 1200 4608 solum
1225 4557 1447 4631 temporanea
1473 4554 1590 4640 disposi-

475 4646 533 4727 tio,
557 4647 671 4732 populi
696 4671 826 4734 quoque
851 4651 904 4713 isti
928 4663 1088 4737 perpetuo
1106 4651 1367 4718 destituerentur
1391 4680 1455 4724 suo
1474 4661 1590 4748 proprio
