3725 5617
1212 651 1351 702 Aeta
1389 632 1487 701 §ub
1523 648 1818 715 Theophilo
1856 666 1905 701 a.
1952 650 2101 701 1697.
2685 649 2781 701 181

590 782 860 854 destinato
925 790 1339 855 vertentibus
1354 843 1371 873 ,
1440 791 1648 855 nihilo
1714 791 1913 856 ditior
1971 792 2124 856 inde
2190 794 2402 856 factus
2463 803 2559 856 est
2606 814 2786 856 error

590 887 929 978 Photianus,
1002 897 1344 962 Ecclesiae
1408 907 1631 962 autem
1681 897 2046 962 catholicae
2107 902 2396 963 accessio
2462 898 2638 962 facta
2686 908 2785 962 est

590 995 768 1084 ingens
833 1014 896 1066 et
946 1004 1120 1068 Unio
1172 1006 1384 1089 magis
1434 1004 1723 1068 stabilita
1782 1003 1906 1068 sub
1955 1003 2324 1069 Athanasio
2389 1027 2782 1085 successore,

584 1122 737 1187 quam
799 1114 1048 1196 sperari
1111 1111 1233 1174 sub
1293 1111 1634 1175 decessore
1683 1110 2055 1197 Theophilo
2119 1122 2394 1197 poterat.
2487 1110 2784 1176 Theodo-

579 1212 696 1297 sius,
740 1220 849 1303 qui
884 1216 1331 1303 Theophilum
1382 1218 1702 1302 dignitate
1751 1220 2019 1303 privare
2058 1218 2505 1298 contenderat,
2559 1220 2785 1282 mortis

577 1318 683 1403 ejus
724 1326 1069 1387 occasione
1119 1347 1250 1388 non
1299 1325 1744 1410 perfunctorie
1793 1347 1971 1406 usuS,
2029 1335 2103 1387 ut
2150 1325 2488 1389 schismati
2541 1324 2785 1389 stabili-

574 1440 751 1493 mento
799 1430 1173 1495 consuleret
1234 1441 1298 1493 et
1345 1453 1631 1494 cuneum
1681 1442 1879 1495 natae
1928 1454 2142 1517 nuper
2187 1432 2437 1496 Unioni
2500 1454 2782 1517 oppone·

564 1546 661 1616 ret,
708 1539 1037 1601 incertum
1086 1560 1285 1623 quam
1335 1536 1419 1601 ob
1470 1536 1836 1623 causam¹)‚
1887 1540 2278 1623 praeterito,
2329 1561 2525 1625 quem
2573 1561 2787 1624 nuper

559 1640 899 1728 Theophilo
949 1646 1220 1709 vivente
1283 1644 1739 1709 subintrusum
1803 1644 2151 1726 voluisset,
2226 1657 2506 1725 emtore,
2578 1645 2780 1710 alium

555 1770 705 1829 mox,
755 1772 957 1836 quem
1005 1774 1186 1815 nunc
1234 1764 1489 1815 mortuo
1539 1742 1870 1835 subroget,
1921 1749 2209 1837 quaerit,
2260 1761 2325 1815 et
2370 1754 2784 1838 patrocinan-

548 1855 704 1921 tibus
771 1857 1258 1942 potentioribus
1321 1858 1569 1940 laicis2)
1633 1857 2116 1939 Athanasium,
2173 1860 2497 1944 juvenem
2560 1861 2782 1944 graeci

548 1964 689 2027 ritus
763 1964 1237 2048 sacerdotem³)
1315 1976 1549 2029 nactus
1626 1968 1691 2028 in
1761 1966 2051 2050 episcopi
2120 1966 2344 2029 sedem
2412 1968 2780 2029 constituit:

548 2067 866 2134 hominem
940 2072 1050 2134 cui
1113 2071 1293 2135 nulla
1356 2083 1511 2136 tunc
1581 2094 1766 2136 mens
1838 2072 1919 2135 de
1986 2072 2247 2136 Unione
2310 2073 2601 2137 fovenda
2669 2083 2785 2137 aut

548 2176 937 2261 amplianda.
989 2176 1105 2263 (lb
1123 2179 1141 2241 i
1156 2179 1247 2258 d.)

600 2409 633 2477 ¹)
669 2412 843 2473 Quam
895 2411 968 2459 ob
1021 2424 1231 2460 causam
1284 2411 1619 2460 Theodosius
1671 2412 1899 2475 priorem
1952 2427 2100 2460 suurn
2154 2412 2493 2460 candidatum
2549 2421 2782 2475 praeter-

668 2483 815 2540 ierit,
869 2483 1133 2530 discemus
1184 2483 1322 2531 infra
1371 2498 1458 2546 pp.
1506 2495 1780 2542 191—192
1833 2499 1897 2531 ex
1936 2483 2190 2532 relatione
2232 2482 2470 2531 Ladislai
2509 2483 2781 2533 Theodori

673 2554 910 2615 Dindar,
969 2569 1125 2616 quam
1183 2553 1481 2602 Cardinalis
1540 2570 1568 2602 a
1626 2553 1929 2603 Kollonich
1989 2556 2089 2603 sibi
2143 2571 2171 2602 e
2220 2554 2587 2604 Transilvania
2645 2554 2781 2603 mitti

667 2625 821 2687 jussit
871 2640 969 2689 pro
1008 2625 1349 2673 informativo
1404 2641 1655 2688 processu
1694 2626 1747 2673 in
1787 2626 1961 2674 Causa
2001 2625 2349 2690 Apostolicae
2401 2633 2453 2673 et
2491 2626 2781 2674 Caesareae

661 2696 1080 2745 confirmationis
1120 2696 1419 2747 Athanasii.

596 2780 631 2846 ἵ)
664 2786 769 2833 Eos
822 2785 987 2833 fuisse
1039 2784 1278 2832 homines
1317 2784 1538 2833 Calvino
1592 2785 1835 2833 addictos
1888 2786 2172 2834 Nicolaum
2227 2785 2480 2843 Bethlen,
2539 2786 2781 2834 Transil-

663 2858 847 2905 vaniae
873 2855 1283 2913 Cancellarium‚
1323 2870 1383 2903 ac
1422 2855 1630 2904 nobiles
1668 2855 2040 2923 (Stephanum)
2081 2856 2317 2919 Nalaczy
2355 2865 2408 2905 et
2434 2857 2778 2922 (Samuelem)

665 2928 1002 2985 Keresztesi‚
1042 2927 1179 2976 idem
1224 2928 1429 2975 Dindar
1469 2927 1645 2975 retulit
1683 2927 1717 2975 l.
1759 2944 1805 2979 c.
1845 2955 1916 2963 —
1956 2929 2111 2992 Quod
2154 2928 2454 2978 Cardinalis
2494 2929 2779 2978 Athanasii

668 3014 743 3047 res
780 2998 1096 3047 Bucharesti
1136 3006 1280 3046 actas
1336 3013 1430 3061 per
1468 2999 1826 3047 Coronensem
1871 2999 2162 3047 Valachiae
2206 3001 2554 3048 Residentern
2593 3000 2778 3063 explo-

668 3072 855 3118 randas
913 3078 1175 3126 curasset,
1233 3070 1287 3117 id
1345 3071 1468 3118 inde
1505 3071 1677 3128 venit,
1737 3071 1880 3134 quod
1940 3071 2206 3119 hominem
2260 3072 2351 3120 diu
2405 3072 2513 3134 jam
2570 3079 2775 3128 nosset;

669 3142 868 3189 Dindar
917 3143 1055 3189 enim
1110 3156 1203 3204 per
1241 3156 1407 3189 annos
1459 3150 1659 3189 secreta
1698 3141 2043 3205 epistolarum
2082 3143 2399 3191 commercia
2449 3144 2585 3191 inter
2630 3144 2776 3205 prin-

668 3214 831 3276 cipem
878 3213 1168 3260 Valachiae
1207 3221 1259 3259 et
1299 3212 1631 3275 Leopoldum
1673 3214 1983 3269 Caesarem,
2045 3214 2110 3261 ab
2151 3213 2391 3262 hostibus
2448 3230 2554 3261 non
2593 3213 2775 3261 obser-

670 3292 839 3337 vatus.
899 3291 1201 3337 curaverat;
1273 3284 1654 3346 dicebaturque
1710 3285 1984 3332 Ecclesiae
2044 3285 2339 3333 catholicae
2408 3301 2513 3332 non
2571 3284 2775 3346 vulgari

667 3357 818 3403 modo
859 3356 1124 3406 addictus.

608 3437 641 3504 ³³)
670 3444 724 3491 Iu
764 3445 1063 3505 fragmento
1102 3444 1417 3491 Annuarum
1456 3444 1510 3490 in
1550 3448 1622 3494 A.
1664 3446 1778 3495 Ρ-Ι.
1822 3447 1886 3494 Y.
1926 3453 2190 3492 asservato
2232 3445 2482 3492 mendose
2521 3446 2772 3507 scriptum

669 3523 753 3572 est,
793 3515 1151 3563 Athanasium
1200 3521 1324 3562 tunc
1367 3516 1529 3562 fuisse
1569 3516 1849 3563 diaconum
1890 3523 2120 3563 tautum:
2177 3516 2320 3578 quod
2371 3516 2490 3563 ideo
2529 3530 2771 3579 expresse

672 3585 746 3634 hic
786 3586 1272 3642 animadvertimus,
1314 3587 1438 3649 quia
1476 3586 1744 3649 exemplar
1781 3588 1920 3634 istud
1963 3603 2120 3650 quum
2162 3587 2370 3634 unicum
2413 3587 2480 3634 sit
2517 3587 2771 3645 Viennae,

669 3659 725 3704 ad
766 3658 912 3721 quod
955 3658 1127 3705 aditus
1166 3665 1369 3720 pateat,
1410 3657 1569 3705 facile
1609 3659 1857 3705 inducere
1896 3660 1948 3705 in
1989 3673 2216 3705 errorem
2257 3666 2435 3721 posset
2472 3659 2769 3721 imperitum

669 3728 912 3777 lectorem
936 3766 948 3782 ‚
1005 3730 1311 3791 praesertim
1352 3729 1396 3775 si
1436 3728 1840 3791 improbabilem
1881 3730 2120 3777 notitiam
2161 3745 2225 3776 ex
2262 3728 2548 3777 levioribus
2588 3737 2770 3777 aucto-

668 3800 803 3847 ribus
844 3797 1008 3866 (apud
1038 3801 1334 3863 Cipariu,
1374 3815 1461 3862 op.
1501 3800 1608 3856 cit„
1648 3815 1699 3863 p.
1728 3798 1853 3866 267)
1894 3801 2167 3857 hausisset,
2207 3799 2559 3849 Athanasium
2595 3800 2775 3848 adhuc

665 3872 1035 3932 grammaticae
1074 3872 1127 3920 in
1169 3872 1459 3934 Gymnasio
1500 3871 1911 3935 Albae-Juliae
1950 3887 2162 3934 operam
2207 3887 2448 3929 navasse,
2501 3888 2658 3935 quum
2701 3873 2769 3919 ad

666 3943 1105 4006 metropoliticum
1145 3943 1392 3991 thronum
1432 3942 1753 3991 eveheretur.
