3725 5617
471 650 526 704 ‘106
801 649 831 703 L.
851 649 899 703 IV.
939 650 977 703 De
996 613 1106 704 1101000Ι
1120 650 1267 704 Serbomm.

475 793 529 858 die
553 794 607 859 28.
631 792 773 878 Aprilis,
810 795 844 857 in
869 816 933 879 quo
968 816 1026 857 sex
1050 795 1093 858 ad
1118 797 1227 858 minus
1253 796 1396 880 juvenes
1422 798 1459 859 in
1484 796 1605 881 Zagro-

475 900 581 964 biensi
614 900 788 963 academia
828 922 885 985 pro
918 922 1036 983 graeco
1071 903 1136 963 ritu
1170 904 1336 964 unitorum
1378 903 1604 978 erudirentur,
1644 905 1645 910 ’

476 1008 571 1093 eujus
601 1008 769 1071 seminarii
804 1029 916 1070 curam
946 1011 1167 1093 suprascripto
1192 1008 1403 1073 Svidnieensi
1434 1010 1603 1095 Episcopo

476 1116 650 1194 commisit,
676 1116 821 1178 maximo
838 1137 917 1178 sane
938 1115 1103 1199 profectu3
1129 1137 1204 1178 narn
1221 1115 1342 1178 exculti
1368 1127 1401 1178 et
1417 1117 1453 1179 in
1473 1116 1604 1181 Unione

476 1222 597 1285 firmati
621 1220 732 1307 plures
764 1244 806 1284 ex
829 1223 909 1306 ipsis
933 1243 1079 1285 summos
1108 1224 1141 1284 in
1166 1224 1265 1285 vinea
1291 1222 1428 1286 Domini
1454 1223 1605 1288 fecerunt

476 1350 677 1414 progressus,
703 1328 868 1392 Unionem
894 1328 1084 1408 dilatarunt,
1110 1328 1283 1412 parochias
1307 1339 1477 1396 rexerunt.

567 1436 665 1499 Anno
706 1436 839 1499 tandem
878 1437 959 1499 1731
1000 1437 1144 1522 quodam
1178 1437 1331 1501 Simeone
1364 1437 1600 1524 Philippovieh

478 1542 688 1607 schismatico
712 1564 799 1628 popa
831 1543 873 1607 ad
898 1542 958 1606 has
982 1554 1091 1627 partes
1121 1543 1322 1607 adveniente
1353 1555 1455 1630 atque
1479 1567 1602 1609 novum

478 1648 726 1713 schismaticum
757 1651 984 1734 episcopatum
1010 1652 1042 1713 in
1067 1650 1258 1735 Lepavina,
1292 1650 1363 1715 loco
1399 1654 1433 1715 in
1460 1651 1602 1717 Genera·

477 1756 547 1821 latu
563 1756 802 1820 Verasdinensi
822 1759 893 1838 site,
921 1756 1114 1841 erigendum
1133 1760 1318 1841 suspirante
1340 1768 1372 1820 et
1387 1758 1603 1823 rebellionem

479 1864 514 1927 in
537 1862 720 1927 Banalibus
744 1863 897 1926 confiniis
928 1873 961 1926 ct
983 1863 1213 1948 adjacentibus
1237 1865 1361 1928 ibidem
1395 1865 1603 1931 diversorum

479 1971 648 2035 Dominiis
671 1972 853 2052 excitante,
890 1992 974 2055 quae
999 1972 1130 2034 nonnisi
1162 1993 1220 2055 per
1243 1973 1456 2035 summissum
1485 1996 1507 2037 a
1532 1973 1605 2036 diuo

480 2075 597 2141 Carolo
623 2077 680 2142 Vl.
715 2078 897 2140 exereitum
927 2100 1102 2162 suppressa
1127 2088 1191 2157 est,
1226 2079 1325 2140 ctiam
1359 2080 1472 2163 ipsum
1500 2102 1604 2144 mona·

480 2186 615 2248 sterium
647 2185 795 2266 lilaresa,
831 2183 919 2268 quod
957 2184 1114 2269 Episcopi
1146 2184 1375 2248 Svidnicensis
1416 2197 1607 2250 constanter

480 2292 575 2356 sedes
589 2291 705 2371 fuerat,
730 2312 816 2354 anno
835 2291 930 2369 17:³55,
959 2292 1008 2355 19.
1026 2290 1233 2370 Novembris,
1256 2291 1371 2354 divina
1388 2295 1608 2376 operantibus

480 2397 544 2461 loci
569 2397 739 2481 religiosis,
764 2397 970 2481 praedonum
987 2419 1077 2461 more
1098 2397 1229 2482 spoliari
1249 2419 1303 2460 eos
1324 2401 1468 2480 curavit,
1496 2423 1607 2487 quum·

481 2527 545 2589 que
586 2516 798 2588 cognosceret
837 2505 967 2567 unitum
1004 2502 1257 2567 Svidnieensem
1294 2505 1505 2590 Episcopum
1548 2508 1607 2572 sihi

482 2632 680 2696 magnopere
705 2610 937 2674 adversantem
961 2632 1049 2674 anno
1078 2612 1180 2690 1737,
1212 2612 1266 2674 die
1293 2613 1341 2675 tu.
1364 2612 1476 2695 lunii,
1503 2637 1608 2679 00000-

484 2720 620 2783 sterium
646 2720 752 2803 ipsum
786 2740 851 2780 000
877 2740 951 2781 eum
977 2719 1116 2781 ecclesia
1140 2719 1385 2782 incendendum
1411 2743 1453 2784 ac
1479 2725 1610 2787 ruinan-

485 2826 565 2890 dum
595 2826 802 2911 procuravit,
834 2825 949 2888 Patres
972 2824 1126 2932 Basilitas
1151 2826 1329 2889 monachos
1354 2828 1555 2893 exturbavit
1583 2839 1613 2891 et

483 2955 612 2996 summo
643 2931 821 3015 tyrannide
845 2953 896 2994 res
920 2931 1079 2995 eeclesiae
1113 2943 1144 2994 et
1168 2933 1324 3017 Episcopi
1356 2943 1437 2997 tunc
1464 2935 1610 3000 absentis

484 3042 518 3104 in
543 3041 641 3103 visita
666 3040 857 3123 usurpavit,
884 3038 1029 3101 induetis
1053 3038 1095 3101 ad
1120 3040 1227 3102 locuni
1253 3040 1480 3104 schismaticis
1505 3055 1609 3128 atque.

483 3148 531 3210 uti
556 3157 659 3231 patet,
690 3145 834 3208 violenta
859 3167 960 3207 manu
983 3144 1242 3230 Archiepiscopo
1269 3146 1506 3212 Karlovioensi
1531 3173 1609 3214 asse·

483 3257 567 3336 ruit3
603 3255 651 3316 uti
689 3254 799 3315 omnia
838 3274 880 3313 ex
912 3253 1126 3336 inquisitione
1164 3275 1223 3337 per
1254 3254 1440 3318 auditorem
1477 3257 1610 3320 collecta

482 3357 666 3424 1000100100
690 3368 887 3422 constarent.

573 3467 673 3532 Orbis
706 3468 881 3530 universus
914 3475 1040 3528 tantam
1073 3466 1301 3529 crudelitatem
1336 3468 1524 3533 detestatus
1557 3487 1608 3536 001

486 3578 551 3638 imo
575 3576 646 3659 ipse
672 3573 919 3636 liarloviecnsis
944 3573 1224 3657 Archiepiseopus
1247 3575 1493 3640 restitutionem
1518 3577 1611 3662 hujus

485 3682 684 3746 Maresensis
720 3681 907 3743 monasterii
950 3681 1033 3742 serio
1075 3680 1299 3743 demandavit.
1357 3678 1502 3746 Carolus
1538 3687 1610 3747 item

485 3799 597 3852 sextus
622 3798 654 3850 et
678 3787 824 3872 ejusdem
852 3785 1021 3872 imperiale
1039 3785 1325 3849 dulice-bellicum
1351 3788 1535 3854 consilium
1551 3812 1610 3855 000

485 3894 585 3959 semel
618 3894 676 3957 sed
710 3895 806 3956 toties
834 3893 876 3955 ad
902 3891 1084 3956 Crisienses
1117 3893 1292 3956 colonellos
1326 3893 1412 3956 datis
1449 3898 1614 3962 mandatis

486 4001 700 4066 strictissimis
724 4000 935 4079 mandarunt,
961 4011 996 4061 ut
1017 4000 1105 4062 idern
1122 4002 1355 4063 monasterium
1373 4005 1507 4068 restitui
1535 4006 1613 4070 faco—

485 4118 576 4188 rent,
610 4128 682 4171 reos
707 4109 919 4191 castigarent,
956 4106 1086 4170 damnis
1120 4107 1217 4169 illatis
1251 4107 1498 4186 satisfacerent,
1538 4115 1613 4198 quin

485 4213 717 4278 mandatorum
742 4212 859 4276 horum
884 4223 996 4276 secuta
1020 4213 1135 4276 fuisset
1158 4212 1337 4276 hodiedum
1363 4221 1537 4284 executio.

574 4320 619 4384 Et
640 4330 766 4384 mortuo
778 4319 988 4384 Sviduicensi
1002 4321 1165 4405 Episcopo
1187 4321 1273 4383 idem
1290 4321 1388 4383 divus
1399 4323 1549 4390 Carolus
1562 4326 1616 4389 l'l.

486 4425 707 4512 Theophilum
750 4427 902 4509 Passich,
946 4427 1147 4512 professione
1190 4427 1390 4491 monachum
1428 4429 1616 4498 Basilitam.

485 4535 596 4619 graeei
621 4536 702 4598 ritus
727 4536 892 4598 unitorum
917 4535 960 4597 ad
985 4534 1140 4618 Episcopi
1165 4534 1398 4616 Zagrahiensis
1424 4558 1616 4622 repraesen-

485 4643 644 4706 tationem
669 4641 829 4720 elevavit,
855 4642 984 4726 ipsique
1010 4643 1180 4704 universos
1203 4650 1270 4704 tam
1296 4643 1328 4704 in
1354 4640 1616 4710 Generalatihus
