<?xml version="1.0" encoding="UTF-8"?>
<!DOCTYPE html PUBLIC "-//W3C//DTD XHTML 1.0 Transitional//EN"
    "http://www.w3.org/TR/xhtml1/DTD/xhtml1-transitional.dtd">
<html xmlns="http://www.w3.org/1999/xhtml" xml:lang="en" lang="en">
 <head>
  <title>
</title>
<meta http-equiv="Content-Type" content="text/html;charset=utf-8" />
  <meta name='ocr-system' content='tesseract 3.04.00' />
  <meta name='ocr-capabilities' content='ocr_page ocr_carea ocr_par ocr_line ocrx_word'/>
</head>
<body>
  <div class='ocr_page' id='page_1' title='image "./symbolaeadillus00nillgoog_0252.png"; bbox 0 0 3725 5617; ppageno 0'>
   <div class='ocr_carea' id='block_1_1' title="bbox 366 629 1172 684">
    <p class='ocr_par' dir='ltr' id='par_1_1' title="bbox 366 629 1172 684">
     <span class='ocr_line' id='line_1_1' title="bbox 366 629 1172 684; baseline -0.002 -1"><span class='ocrx_word' id='word_1_1' title='bbox 366 629 419 684; x_wconf 80' lang='lat'>126</span> <span class='ocrx_word' id='word_1_2' title='bbox 683 630 713 683; x_wconf 89' lang='lat' dir='ltr'>L.</span> <span class='ocrx_word' id='word_1_3' title='bbox 734 629 767 682; x_wconf 88' lang='grc' dir='ltr'>ΙΙ.</span> <span class='ocrx_word' id='word_1_4' title='bbox 806 630 845 682; x_wconf 88' lang='lat' dir='ltr'>Dc</span> <span class='ocrx_word' id='word_1_5' title='bbox 863 629 964 682; x_wconf 88' lang='lat' dir='ltr'>unione</span> <span class='ocrx_word' id='word_1_6' title='bbox 983 629 1172 682; x_wconf 86' lang='lat' dir='ltr'>Romenorum.</span> 
     </span>
    </p>
   </div>
   <div class='ocr_carea' id='block_1_2' title="bbox 341 770 1501 2781">
    <p class='ocr_par' dir='ltr' id='par_1_2' title="bbox 341 770 1501 2653">
     <span class='ocr_line' id='line_1_2' title="bbox 366 770 1488 857; baseline -0.003 -20"><span class='ocrx_word' id='word_1_7' title='bbox 366 773 511 852; x_wconf 78' lang='lat'>200,000</span> <span class='ocrx_word' id='word_1_8' title='bbox 535 774 722 837; x_wconf 87' lang='lat' dir='ltr'>animarum</span> <span class='ocrx_word' id='word_1_9' title='bbox 747 785 909 853; x_wconf 81' lang='lat' dir='ltr'>numerat,</span> <span class='ocrx_word' id='word_1_10' title='bbox 941 771 1235 850; x_wconf 80' lang='lat' dir='ltr'>recommendavit,</span> <span class='ocrx_word' id='word_1_11' title='bbox 1265 793 1364 857; x_wconf 85' lang='lat' dir='ltr'>quem</span> <span class='ocrx_word' id='word_1_12' title='bbox 1388 770 1488 834; x_wconf 86' lang='lat' dir='ltr'>zelan-</span> 
     </span>
     <span class='ocr_line' id='line_1_3' title="bbox 366 877 1488 963; baseline -0.002 -21"><span class='ocrx_word' id='word_1_13' title='bbox 366 881 515 943; x_wconf 89' lang='lat' dir='ltr'>tissimus</span> <span class='ocrx_word' id='word_1_14' title='bbox 540 880 702 963; x_wconf 88' lang='lat' dir='ltr'>imprimis</span> <span class='ocrx_word' id='word_1_15' title='bbox 727 878 861 942; x_wconf 88' lang='lat' dir='ltr'>Praesul</span> <span class='ocrx_word' id='word_1_16' title='bbox 888 890 924 941; x_wconf 94' lang='lat' dir='ltr'>ut</span> <span class='ocrx_word' id='word_1_17' title='bbox 948 880 1072 942; x_wconf 87' lang='lat' dir='ltr'>Parcus</span> <span class='ocrx_word' id='word_1_18' title='bbox 1094 877 1217 941; x_wconf 82' lang='lat' dir='ltr'>Filium</span> <span class='ocrx_word' id='word_1_19' title='bbox 1242 880 1398 963; x_wconf 76' lang='lat' dir='ltr'>suscepit,</span> <span class='ocrx_word' id='word_1_20' title='bbox 1423 879 1488 941; x_wconf 89' lang='lat' dir='ltr'>toti·</span> 
     </span>
     <span class='ocr_line' id='line_1_4' title="bbox 366 984 1490 1071; baseline -0.002 -22"><span class='ocrx_word' id='word_1_21' title='bbox 366 1008 432 1071; x_wconf 89' lang='lat' dir='ltr'>que</span> <span class='ocrx_word' id='word_1_22' title='bbox 457 984 552 1050; x_wconf 85' lang='lat' dir='ltr'>Clero</span> <span class='ocrx_word' id='word_1_23' title='bbox 583 1009 622 1049; x_wconf 91' lang='lat' dir='ltr'>ac</span> <span class='ocrx_word' id='word_1_24' title='bbox 647 985 817 1049; x_wconf 80' lang='lat' dir='ltr'>Ecclesiae</span> <span class='ocrx_word' id='word_1_25' title='bbox 840 986 980 1049; x_wconf 84' lang='lat' dir='ltr'>Nostrae</span> <span class='ocrx_word' id='word_1_26' title='bbox 1005 987 1114 1069; x_wconf 79' lang='lat' dir='ltr'>graeci</span> <span class='ocrx_word' id='word_1_27' title='bbox 1140 987 1223 1048; x_wconf 87' lang='lat' dir='ltr'>ritus</span> <span class='ocrx_word' id='word_1_28' title='bbox 1247 988 1361 1049; x_wconf 87' lang='lat' dir='ltr'>unitae</span> <span class='ocrx_word' id='word_1_29' title='bbox 1386 984 1490 1049; x_wconf 87' lang='lat' dir='ltr'>denuo</span> 
     </span>
     <span class='ocr_line' id='line_1_5' title="bbox 367 1090 1489 1179; baseline -0.004 -22"><span class='ocrx_word' id='word_1_30' title='bbox 367 1093 543 1179; x_wconf 86' lang='lat' dir='ltr'>privilegia</span> <span class='ocrx_word' id='word_1_31' title='bbox 559 1092 782 1156; x_wconf 85' lang='lat' dir='ltr'>ecclesiastica</span> <span class='ocrx_word' id='word_1_32' title='bbox 797 1117 816 1156; x_wconf 89' lang='lat' dir='ltr'>a</span> <span class='ocrx_word' id='word_1_33' title='bbox 832 1094 1083 1177; x_wconf 88' lang='lat' dir='ltr'>praenominata</span> <span class='ocrx_word' id='word_1_34' title='bbox 1099 1091 1200 1155; x_wconf 87' lang='lat' dir='ltr'>Sacra</span> <span class='ocrx_word' id='word_1_35' title='bbox 1216 1090 1381 1156; x_wconf 86' lang='lat' dir='ltr'>Caesarea</span> <span class='ocrx_word' id='word_1_36' title='bbox 1396 1092 1489 1177; x_wconf 80' lang='lat' dir='ltr'>Majo-</span> 
     </span>
     <span class='ocr_line' id='line_1_6' title="bbox 367 1197 1491 1286; baseline -0.003 -23"><span class='ocrx_word' id='word_1_37' title='bbox 367 1211 451 1263; x_wconf 88' lang='lat' dir='ltr'>state</span> <span class='ocrx_word' id='word_1_38' title='bbox 482 1200 690 1286; x_wconf 79' lang='lat' dir='ltr'>procuravit3</span> <span class='ocrx_word' id='word_1_39' title='bbox 723 1221 799 1261; x_wconf 89' lang='lat' dir='ltr'>oum</span> <span class='ocrx_word' id='word_1_40' title='bbox 824 1199 945 1285; x_wconf 90' lang='lat' dir='ltr'>quibus</span> <span class='ocrx_word' id='word_1_41' title='bbox 969 1199 1025 1262; x_wconf 92' lang='lat' dir='ltr'>ubi</span> <span class='ocrx_word' id='word_1_42' title='bbox 1053 1197 1363 1262; x_wconf 85' lang='lat' dir='ltr'>Revereudissimus</span> <span class='ocrx_word' id='word_1_43' title='bbox 1389 1199 1491 1263; x_wconf 87' lang='lat' dir='ltr'>Dnus.</span> 
     </span>
     <span class='ocr_line' id='line_1_7' title="bbox 367 1304 1490 1393; baseline -0.004 -22"><span class='ocrx_word' id='word_1_44' title='bbox 367 1307 554 1393; x_wconf 82' lang='lat' dir='ltr'>Episcopus</span> <span class='ocrx_word' id='word_1_45' title='bbox 577 1307 697 1370; x_wconf 89' lang='lat' dir='ltr'>Noster</span> <span class='ocrx_word' id='word_1_46' title='bbox 727 1305 894 1385; x_wconf 73' lang='lat' dir='ltr'>rediisset,</span> <span class='ocrx_word' id='word_1_47' title='bbox 926 1306 994 1367; x_wconf 85' lang='lat' dir='ltr'>fere</span> <span class='ocrx_word' id='word_1_48' title='bbox 1027 1304 1168 1368; x_wconf 89' lang='lat' dir='ltr'>bismille</span> <span class='ocrx_word' id='word_1_49' title='bbox 1194 1304 1391 1369; x_wconf 83' lang='lat' dir='ltr'>Sacerdotes</span> <span class='ocrx_word' id='word_1_50' title='bbox 1423 1307 1490 1390; x_wconf 86' lang='lat' dir='ltr'>(qui</span> 
     </span>
     <span class='ocr_line' id='line_1_8' title="bbox 367 1412 1492 1499; baseline -0.003 -21"><span class='ocrx_word' id='word_1_51' title='bbox 367 1415 559 1499; x_wconf 76' lang='lat' dir='ltr'>congregati</span> <span class='ocrx_word' id='word_1_52' title='bbox 585 1416 729 1493; x_wconf 84' lang='lat' dir='ltr'>eramus)</span> <span class='ocrx_word' id='word_1_53' title='bbox 754 1414 788 1475; x_wconf 91' lang='lat' dir='ltr'>in</span> <span class='ocrx_word' id='word_1_54' title='bbox 813 1414 999 1497; x_wconf 85' lang='lat' dir='ltr'>praesentia</span> <span class='ocrx_word' id='word_1_55' title='bbox 1023 1412 1305 1476; x_wconf 84' lang='lat' dir='ltr'>Reverendissimi</span> <span class='ocrx_word' id='word_1_56' title='bbox 1321 1413 1402 1475; x_wconf 91' lang='lat' dir='ltr'>Dni.</span> <span class='ocrx_word' id='word_1_57' title='bbox 1419 1412 1492 1497; x_wconf 90' lang='lat' dir='ltr'>Epi-</span> 
     </span>
     <span class='ocr_line' id='line_1_9' title="bbox 367 1519 1493 1606; baseline -0.001 -22"><span class='ocrx_word' id='word_1_58' title='bbox 367 1522 474 1606; x_wconf 85' lang='lat' dir='ltr'>scopi,</span> <span class='ocrx_word' id='word_1_59' title='bbox 507 1543 547 1583; x_wconf 88' lang='lat' dir='ltr'>ac</span> <span class='ocrx_word' id='word_1_60' title='bbox 570 1521 707 1584; x_wconf 79' lang='lat' dir='ltr'>Petrum</span> <span class='ocrx_word' id='word_1_61' title='bbox 732 1520 905 1583; x_wconf 87' lang='lat' dir='ltr'>Societatis</span> <span class='ocrx_word' id='word_1_62' title='bbox 928 1520 1011 1583; x_wconf 87' lang='lat' dir='ltr'>Jesu</span> <span class='ocrx_word' id='word_1_63' title='bbox 1035 1519 1273 1604; x_wconf 84' lang='lat' dir='ltr'>professionem</span> <span class='ocrx_word' id='word_1_64' title='bbox 1296 1520 1394 1583; x_wconf 87' lang='lat' dir='ltr'>Fidei</span> <span class='ocrx_word' id='word_1_65' title='bbox 1419 1521 1493 1583; x_wconf 90' lang='lat' dir='ltr'>emi-</span> 
     </span>
     <span class='ocr_line' id='line_1_10' title="bbox 368 1625 1492 1712; baseline -0.002 -21"><span class='ocrx_word' id='word_1_66' title='bbox 368 1630 482 1692; x_wconf 81' lang='lat' dir='ltr'>simus</span> <span class='ocrx_word' id='word_1_67' title='bbox 520 1627 608 1707; x_wconf 77' lang='lat' dir='ltr'>Quia</span> <span class='ocrx_word' id='word_1_68' title='bbox 624 1648 701 1689; x_wconf 86' lang='lat' dir='ltr'>vero</span> <span class='ocrx_word' id='word_1_69' title='bbox 719 1625 936 1690; x_wconf 90' lang='lat' dir='ltr'>Sanctitatem</span> <span class='ocrx_word' id='word_1_70' title='bbox 955 1626 1117 1707; x_wconf 82' lang='lat' dir='ltr'>Vestram,</span> <span class='ocrx_word' id='word_1_71' title='bbox 1142 1629 1291 1691; x_wconf 92' lang='lat' dir='ltr'>omnium</span> <span class='ocrx_word' id='word_1_72' title='bbox 1307 1649 1367 1712; x_wconf 89' lang='lat' dir='ltr'>per</span> <span class='ocrx_word' id='word_1_73' title='bbox 1382 1626 1492 1689; x_wconf 89' lang='lat' dir='ltr'>orbem</span> 
     </span>
     <span class='ocr_line' id='line_1_11' title="bbox 369 1727 1498 1819; baseline -0.003 -20"><span class='ocrx_word' id='word_1_74' title='bbox 369 1735 565 1799; x_wconf 88' lang='lat' dir='ltr'>diffusarum</span> <span class='ocrx_word' id='word_1_75' title='bbox 590 1734 815 1798; x_wconf 88' lang='lat' dir='ltr'>Ecclesiarum</span> <span class='ocrx_word' id='word_1_76' title='bbox 845 1745 945 1819; x_wconf 88' lang='lat' dir='ltr'>caput</span> <span class='ocrx_word' id='word_1_77' title='bbox 969 1757 1038 1797; x_wconf 86' lang='lat' dir='ltr'>esse</span> <span class='ocrx_word' id='word_1_78' title='bbox 1062 1736 1273 1818; x_wconf 81' lang='lat' dir='ltr'>agnoscimus</span> <span class='ocrx_word' id='word_1_79' title='bbox 1297 1756 1336 1796; x_wconf 88' lang='lat' dir='ltr'>ae</span> <span class='ocrx_word' id='word_1_80' title='bbox 1362 1727 1498 1797; x_wconf 84' lang='lat' dir='ltr'>venera·</span> 
     </span>
     <span class='ocr_line' id='line_1_12' title="bbox 370 1838 1499 1927; baseline -0.002 -23"><span class='ocrx_word' id='word_1_81' title='bbox 370 1864 462 1918; x_wconf 85' lang='lat' dir='ltr'>mur,</span> <span class='ocrx_word' id='word_1_82' title='bbox 492 1841 535 1904; x_wconf 89' lang='lat' dir='ltr'>ad</span> <span class='ocrx_word' id='word_1_83' title='bbox 567 1841 668 1927; x_wconf 87' lang='lat' dir='ltr'>pedes</span> <span class='ocrx_word' id='word_1_84' title='bbox 692 1839 884 1904; x_wconf 87' lang='lat' dir='ltr'>Sanctitatis</span> <span class='ocrx_word' id='word_1_85' title='bbox 909 1840 1047 1903; x_wconf 80' lang='lat' dir='ltr'>Vestrae</span> <span class='ocrx_word' id='word_1_86' title='bbox 1071 1839 1344 1922; x_wconf 79' lang='lat' dir='ltr'>adgeniculantes</span> <span class='ocrx_word' id='word_1_87' title='bbox 1368 1838 1499 1926; x_wconf 78' lang='lat' dir='ltr'>provol-</span> 
     </span>
     <span class='ocr_line' id='line_1_13' title="bbox 341 1947 1501 2032; baseline 0.003 -24"><span class='ocrx_word' id='word_1_88' title='bbox 341 1964 343 1974; x_wconf 83' lang='lat'>&#39;</span> <span class='ocrx_word' id='word_1_89' title='bbox 370 1951 490 2028; x_wconf 81' lang='lat' dir='ltr'>vimm,</span> <span class='ocrx_word' id='word_1_90' title='bbox 515 1948 648 2032; x_wconf 82' lang='lat' dir='ltr'>Nosque</span> <span class='ocrx_word' id='word_1_91' title='bbox 672 1970 711 2010; x_wconf 91' lang='lat' dir='ltr'>ac</span> <span class='ocrx_word' id='word_1_92' title='bbox 734 1947 919 2010; x_wconf 87' lang='lat' dir='ltr'>Ecclesiam</span> <span class='ocrx_word' id='word_1_93' title='bbox 939 1947 1094 2010; x_wconf 88' lang='lat' dir='ltr'>Nostram</span> <span class='ocrx_word' id='word_1_94' title='bbox 1110 1947 1411 2032; x_wconf 84' lang='lat' dir='ltr'>Transylvanicam</span> <span class='ocrx_word' id='word_1_95' title='bbox 1427 1948 1501 2011; x_wconf 91' lang='lat' dir='ltr'>uni·</span> 
     </span>
     <span class='ocr_line' id='line_1_14' title="bbox 366 2053 1494 2140; baseline -0.001 -21"><span class='ocrx_word' id='word_1_96' title='bbox 366 2066 448 2134; x_wconf 86' lang='lat' dir='ltr'>tam,</span> <span class='ocrx_word' id='word_1_97' title='bbox 474 2057 506 2119; x_wconf 93' lang='lat' dir='ltr'>in</span> <span class='ocrx_word' id='word_1_98' title='bbox 532 2078 645 2119; x_wconf 87' lang='lat' dir='ltr'>curam</span> <span class='ocrx_word' id='word_1_99' title='bbox 670 2065 840 2139; x_wconf 89' lang='lat' dir='ltr'>paternam</span> <span class='ocrx_word' id='word_1_100' title='bbox 865 2077 904 2118; x_wconf 89' lang='lat' dir='ltr'>ac</span> <span class='ocrx_word' id='word_1_101' title='bbox 920 2056 1169 2139; x_wconf 80' lang='lat' dir='ltr'>protectionem,</span> <span class='ocrx_word' id='word_1_102' title='bbox 1194 2076 1294 2140; x_wconf 86' lang='lat' dir='ltr'>quam</span> <span class='ocrx_word' id='word_1_103' title='bbox 1311 2053 1494 2118; x_wconf 87' lang='lat' dir='ltr'>humillime</span> 
     </span>
     <span class='ocr_line' id='line_1_15' title="bbox 370 2161 1492 2247; baseline -0.001 -22"><span class='ocrx_word' id='word_1_104' title='bbox 370 2163 689 2240; x_wconf 79' lang='lat' dir='ltr'>recommendamus,</span> <span class='ocrx_word' id='word_1_105' title='bbox 714 2161 1009 2247; x_wconf 83' lang='lat' dir='ltr'>Apostolicamque</span> <span class='ocrx_word' id='word_1_106' title='bbox 1024 2163 1298 2226; x_wconf 87' lang='lat' dir='ltr'>Benedictionem</span> <span class='ocrx_word' id='word_1_107' title='bbox 1323 2162 1492 2247; x_wconf 85' lang='lat' dir='ltr'>impertiri,</span> 
     </span>
     <span class='ocr_line' id='line_1_16' title="bbox 367 2266 1487 2354; baseline -0.001 -22"><span class='ocrx_word' id='word_1_108' title='bbox 367 2291 470 2354; x_wconf 90' lang='lat' dir='ltr'>quam</span> <span class='ocrx_word' id='word_1_109' title='bbox 495 2269 726 2333; x_wconf 86' lang='lat' dir='ltr'>ardentissime</span> <span class='ocrx_word' id='word_1_110' title='bbox 751 2268 990 2353; x_wconf 81' lang='lat' dir='ltr'>efflagitamus:</span> <span class='ocrx_word' id='word_1_111' title='bbox 1027 2269 1116 2354; x_wconf 92' lang='lat' dir='ltr'>quod</span> <span class='ocrx_word' id='word_1_112' title='bbox 1140 2292 1178 2332; x_wconf 92' lang='lat' dir='ltr'>eo</span> <span class='ocrx_word' id='word_1_113' title='bbox 1203 2268 1335 2332; x_wconf 86' lang='lat' dir='ltr'>facilius</span> <span class='ocrx_word' id='word_1_114' title='bbox 1359 2290 1419 2332; x_wconf 88' lang='lat' dir='ltr'>nos</span> <span class='ocrx_word' id='word_1_115' title='bbox 1441 2266 1487 2332; x_wconf 90' lang='lat' dir='ltr'>ob·</span> 
     </span>
     <span class='ocr_line' id='line_1_17' title="bbox 370 2375 1484 2461; baseline -0.002 -22"><span class='ocrx_word' id='word_1_116' title='bbox 370 2385 517 2439; x_wconf 88' lang='lat' dir='ltr'>tenturos</span> <span class='ocrx_word' id='word_1_117' title='bbox 532 2375 741 2455; x_wconf 81' lang='lat' dir='ltr'>confidimus,</span> <span class='ocrx_word' id='word_1_118' title='bbox 755 2398 819 2461; x_wconf 92' lang='lat' dir='ltr'>quo</span> <span class='ocrx_word' id='word_1_119' title='bbox 836 2376 1017 2440; x_wconf 86' lang='lat' dir='ltr'>ardentiori</span> <span class='ocrx_word' id='word_1_120' title='bbox 1033 2375 1102 2439; x_wconf 83' lang='lat' dir='ltr'>zelo</span> <span class='ocrx_word' id='word_1_121' title='bbox 1114 2377 1333 2442; x_wconf 88' lang='lat' dir='ltr'>Sanctitatem</span> <span class='ocrx_word' id='word_1_122' title='bbox 1342 2375 1484 2438; x_wconf 85' lang='lat' dir='ltr'>Vestram</span> 
     </span>
     <span class='ocr_line' id='line_1_18' title="bbox 371 2480 1483 2561; baseline -0.001 -16"><span class='ocrx_word' id='word_1_123' title='bbox 371 2485 405 2546; x_wconf 93' lang='lat' dir='ltr'>in</span> <span class='ocrx_word' id='word_1_124' title='bbox 437 2484 555 2546; x_wconf 83' lang='lat' dir='ltr'>Divini</span> <span class='ocrx_word' id='word_1_125' title='bbox 581 2483 736 2547; x_wconf 89' lang='lat' dir='ltr'>Numinis</span> <span class='ocrx_word' id='word_1_126' title='bbox 767 2482 909 2561; x_wconf 87' lang='lat' dir='ltr'>cultum,</span> <span class='ocrx_word' id='word_1_127' title='bbox 942 2485 974 2546; x_wconf 91' lang='lat' dir='ltr'>iu</span> <span class='ocrx_word' id='word_1_128' title='bbox 1006 2485 1154 2546; x_wconf 90' lang='lat' dir='ltr'>omnium</span> <span class='ocrx_word' id='word_1_129' title='bbox 1180 2482 1303 2548; x_wconf 85' lang='lat' dir='ltr'>Christi</span> <span class='ocrx_word' id='word_1_130' title='bbox 1329 2480 1483 2545; x_wconf 81' lang='lat' dir='ltr'>Fidelium</span> 
     </span>
     <span class='ocr_line' id='line_1_19' title="bbox 370 2588 929 2653; baseline 0.002 -1"><span class='ocrx_word' id='word_1_131' title='bbox 370 2588 510 2652; x_wconf 91' lang='lat' dir='ltr'>salutem</span> <span class='ocrx_word' id='word_1_132' title='bbox 534 2590 610 2653; x_wconf 85' lang='lat' dir='ltr'>ferri</span> <span class='ocrx_word' id='word_1_133' title='bbox 636 2611 702 2652; x_wconf 89' lang='lat' dir='ltr'>non</span> <span class='ocrx_word' id='word_1_134' title='bbox 727 2589 929 2653; x_wconf 85' lang='lat' dir='ltr'>dubitamus.</span> 
     </span>
    </p>

    <p class='ocr_par' dir='ltr' id='par_1_3' title="bbox 460 2693 1483 2781">
     <span class='ocr_line' id='line_1_20' title="bbox 460 2693 1483 2781; baseline -0.002 -23"><span class='ocrx_word' id='word_1_135' title='bbox 460 2695 522 2758; x_wconf 91' lang='lat' dir='ltr'>His</span> <span class='ocrx_word' id='word_1_136' title='bbox 555 2717 655 2781; x_wconf 91' lang='lat' dir='ltr'>quam</span> <span class='ocrx_word' id='word_1_137' title='bbox 690 2695 874 2759; x_wconf 88' lang='lat' dir='ltr'>diutissime</span> <span class='ocrx_word' id='word_1_138' title='bbox 907 2696 1000 2758; x_wconf 90' lang='lat' dir='ltr'>Deus</span> <span class='ocrx_word' id='word_1_139' title='bbox 1033 2705 1082 2757; x_wconf 86' lang='lat' dir='ltr'>ter</span> <span class='ocrx_word' id='word_1_140' title='bbox 1115 2693 1287 2780; x_wconf 89' lang='lat' dir='ltr'>Optimus,</span> <span class='ocrx_word' id='word_1_141' title='bbox 1329 2694 1483 2758; x_wconf 83' lang='lat' dir='ltr'>Maximus</span> 
     </span>
    </p>
   </div>
   <div class='ocr_carea' id='block_1_3' title="bbox 371 2800 1485 3186">
    <p class='ocr_par' dir='ltr' id='par_1_4' title="bbox 371 2800 1485 3186">
     <span class='ocr_line' id='line_1_21' title="bbox 371 2800 1484 2888; baseline -0.002 -21"><span class='ocrx_word' id='word_1_142' title='bbox 371 2802 588 2868; x_wconf 85' lang='lat' dir='ltr'>Sanctitatem</span> <span class='ocrx_word' id='word_1_143' title='bbox 613 2802 766 2866; x_wconf 85' lang='lat' dir='ltr'>Vestram</span> <span class='ocrx_word' id='word_1_144' title='bbox 791 2825 849 2888; x_wconf 89' lang='lat' dir='ltr'>pro</span> <span class='ocrx_word' id='word_1_145' title='bbox 874 2804 924 2865; x_wconf 93' lang='lat' dir='ltr'>sui</span> <span class='ocrx_word' id='word_1_146' title='bbox 942 2802 1093 2865; x_wconf 89' lang='lat' dir='ltr'>Nominis</span> <span class='ocrx_word' id='word_1_147' title='bbox 1116 2802 1231 2886; x_wconf 82' lang='lat' dir='ltr'>gloria,</span> <span class='ocrx_word' id='word_1_148' title='bbox 1257 2803 1420 2887; x_wconf 89' lang='lat' dir='ltr'>imprimis</span> <span class='ocrx_word' id='word_1_149' title='bbox 1435 2800 1484 2865; x_wconf 84' lang='lat' dir='ltr'>Ec·</span> 
     </span>
     <span class='ocr_line' id='line_1_22' title="bbox 372 2909 1484 2992; baseline -0.004 -19"><span class='ocrx_word' id='word_1_150' title='bbox 372 2909 490 2973; x_wconf 87' lang='lat' dir='ltr'>clesiae</span> <span class='ocrx_word' id='word_1_151' title='bbox 515 2910 653 2972; x_wconf 89' lang='lat' dir='ltr'>Nostrae</span> <span class='ocrx_word' id='word_1_152' title='bbox 685 2911 795 2992; x_wconf 82' lang='lat' dir='ltr'>graeci</span> <span class='ocrx_word' id='word_1_153' title='bbox 828 2911 909 2979; x_wconf 86' lang='lat' dir='ltr'>ritus</span> <span class='ocrx_word' id='word_1_154' title='bbox 943 2911 1054 2972; x_wconf 88' lang='lat' dir='ltr'>unitae</span> <span class='ocrx_word' id='word_1_155' title='bbox 1083 2911 1303 2989; x_wconf 85' lang='lat' dir='ltr'>incremento,</span> <span class='ocrx_word' id='word_1_156' title='bbox 1335 2932 1375 2973; x_wconf 88' lang='lat' dir='ltr'>ao</span> <span class='ocrx_word' id='word_1_157' title='bbox 1398 2909 1484 2972; x_wconf 83' lang='lat' dir='ltr'>totius</span> 
     </span>
     <span class='ocr_line' id='line_1_23' title="bbox 372 3015 1485 3122; baseline -0.004 -43"><span class='ocrx_word' id='word_1_158' title='bbox 372 3016 461 3079; x_wconf 90' lang='lat' dir='ltr'>orbis</span> <span class='ocrx_word' id='word_1_159' title='bbox 492 3016 664 3079; x_wconf 88' lang='lat' dir='ltr'>christiani</span> <span class='ocrx_word' id='word_1_160' title='bbox 696 3015 830 3094; x_wconf 86' lang='lat' dir='ltr'>solatio,</span> <span class='ocrx_word' id='word_1_161' title='bbox 868 3015 994 3078; x_wconf 88' lang='lat' dir='ltr'>salvam</span> <span class='ocrx_word' id='word_1_162' title='bbox 1026 3038 1065 3078; x_wconf 92' lang='lat' dir='ltr'>ac</span> <span class='ocrx_word' id='word_1_163' title='bbox 1094 3016 1293 3122; x_wconf 62' lang='lat' dir='ltr'>incolumem</span> <span class='ocrx_word' id='word_1_164' title='bbox 1325 3021 1485 3079; x_wconf 75' lang='lat' dir='ltr'>conservet</span> 
     </span>
     <span class='ocr_line' id='line_1_24' title="bbox 372 3134 567 3186; baseline -0.005 0"><span class='ocrx_word' id='word_1_165' title='bbox 372 3145 412 3186; x_wconf 86' lang='lat' dir='ltr'>ac</span> <span class='ocrx_word' id='word_1_166' title='bbox 435 3134 567 3186; x_wconf 79' lang='lat' dir='ltr'>tueatur</span> 
     </span>
    </p>
   </div>
   <div class='ocr_carea' id='block_1_4' title="bbox 420 3228 1488 3952">
    <p class='ocr_par' dir='ltr' id='par_1_5' title="bbox 420 3228 1488 3952">
     <span class='ocr_line' id='line_1_25' title="bbox 462 3228 1127 3293; baseline 0 -1"><span class='ocrx_word' id='word_1_167' title='bbox 462 3229 568 3292; x_wconf 74' lang='lat' dir='ltr'>Alba»</span> <span class='ocrx_word' id='word_1_168' title='bbox 588 3228 699 3293; x_wconf 89' lang='lat' dir='ltr'>Juliae</span> <span class='ocrx_word' id='word_1_169' title='bbox 721 3231 750 3293; x_wconf 82' lang='lat'>8.</span> <span class='ocrx_word' id='word_1_170' title='bbox 772 3228 971 3292; x_wconf 83' lang='lat' dir='ltr'>Novembris</span> <span class='ocrx_word' id='word_1_171' title='bbox 991 3253 1020 3292; x_wconf 88' lang='lat' dir='ltr'>a.</span> <span class='ocrx_word' id='word_1_172' title='bbox 1047 3230 1127 3292; x_wconf 61' lang='lat'>1201</span> 
     </span>
     <span class='ocr_line' id='line_1_26' title="bbox 534 3336 887 3399; baseline 0 -2"><span class='ocrx_word' id='word_1_173' title='bbox 534 3337 726 3399; x_wconf 86' lang='lat' dir='ltr'>Sanctitatis</span> <span class='ocrx_word' id='word_1_174' title='bbox 751 3336 887 3398; x_wconf 88' lang='lat' dir='ltr'>Vestrae</span> 
     </span>
     <span class='ocr_line' id='line_1_27' title="bbox 705 3442 1067 3506; baseline 0 -1"><span class='ocrx_word' id='word_1_175' title='bbox 705 3442 782 3506; x_wconf 84' lang='lat' dir='ltr'>Filii</span> <span class='ocrx_word' id='word_1_176' title='bbox 808 3442 1067 3505; x_wconf 87' lang='lat' dir='ltr'>obedientissimi</span> 
     </span>
     <span class='ocr_line' id='line_1_28' title="bbox 660 3547 1488 3634; baseline -0.002 -22"><span class='ocrx_word' id='word_1_177' title='bbox 660 3549 863 3612; x_wconf 80' lang='lat' dir='ltr'>Athanasius</span> <span class='ocrx_word' id='word_1_178' title='bbox 892 3548 1064 3613; x_wconf 85' lang='lat' dir='ltr'>Ecclesiae</span> <span class='ocrx_word' id='word_1_179' title='bbox 1088 3549 1290 3613; x_wconf 87' lang='lat' dir='ltr'>Valachicae</span> <span class='ocrx_word' id='word_1_180' title='bbox 1315 3571 1374 3634; x_wconf 87' lang='lat' dir='ltr'>per</span> <span class='ocrx_word' id='word_1_181' title='bbox 1396 3547 1488 3611; x_wconf 83' lang='lat' dir='ltr'>Tran-</span> 
     </span>
     <span class='ocr_line' id='line_1_29' title="bbox 510 3653 1470 3757; baseline -0.002 -39"><span class='ocrx_word' id='word_1_182' title='bbox 510 3673 535 3757; x_wconf 64' lang='grc' dir='ltr'>ς’)</span> <span class='ocrx_word' id='word_1_183' title='bbox 691 3655 878 3738; x_wconf 78' lang='lat' dir='ltr'>sylvaaiam</span> <span class='ocrx_word' id='word_1_184' title='bbox 903 3657 1013 3734; x_wconf 66' lang='lat' dir='ltr'>graeci</span> <span class='ocrx_word' id='word_1_185' title='bbox 1032 3658 1113 3718; x_wconf 87' lang='lat' dir='ltr'>ritus</span> <span class='ocrx_word' id='word_1_186' title='bbox 1130 3657 1242 3718; x_wconf 89' lang='lat' dir='ltr'>unitae</span> <span class='ocrx_word' id='word_1_187' title='bbox 1260 3653 1470 3741; x_wconf 76' lang='lat' dir='ltr'>Episcopus¹l</span> 
     </span>
     <span class='ocr_line' id='line_1_30' title="bbox 464 3761 1091 3846; baseline 0 -22"><span class='ocrx_word' id='word_1_188' title='bbox 464 3761 517 3846; x_wconf 89' lang='lat' dir='ltr'>(L.</span> <span class='ocrx_word' id='word_1_189' title='bbox 535 3761 582 3845; x_wconf 82' lang='lat' dir='ltr'>S)</span> <span class='ocrx_word' id='word_1_190' title='bbox 1052 3784 1091 3824; x_wconf 88' lang='lat' dir='ltr'>ac</span> 
     </span>
     <span class='ocr_line' id='line_1_31' title="bbox 420 3867 1426 3952; baseline 0.006 -23"><span class='ocrx_word' id='word_1_191' title='bbox 420 3867 475 3952; x_wconf 74' lang='lat' dir='ltr'>(A.</span> <span class='ocrx_word' id='word_1_192' title='bbox 492 3868 545 3932; x_wconf 88' lang='lat' dir='ltr'>Pr.</span> <span class='ocrx_word' id='word_1_193' title='bbox 563 3868 623 3946; x_wconf 83' lang='lat' dir='ltr'>St.)</span> <span class='ocrx_word' id='word_1_194' title='bbox 751 3867 906 3951; x_wconf 76' lang='lat' dir='ltr'>Synodus</span> <span class='ocrx_word' id='word_1_195' title='bbox 930 3867 1103 3931; x_wconf 84' lang='lat' dir='ltr'>Generalis</span> <span class='ocrx_word' id='word_1_196' title='bbox 1128 3891 1204 3932; x_wconf 87' lang='lat' dir='ltr'>cum</span> <span class='ocrx_word' id='word_1_197' title='bbox 1229 3880 1295 3933; x_wconf 91' lang='lat' dir='ltr'>toto</span> <span class='ocrx_word' id='word_1_198' title='bbox 1321 3868 1426 3935; x_wconf 85' lang='lat' dir='ltr'>Clero.</span> 
     </span>
    </p>
   </div>
   <div class='ocr_carea' id='block_1_5' title="bbox 407 4081 1499 4576">
    <p class='ocr_par' dir='ltr' id='par_1_6' title="bbox 409 4081 1357 4149">
     <span class='ocr_line' id='line_1_32' title="bbox 409 4081 1357 4149; baseline 0.004 -19"><span class='ocrx_word' id='word_1_199' title='bbox 409 4081 429 4144; x_wconf 52' lang='grc' dir='ltr'>Ι)</span> <span class='ocrx_word' id='word_1_200' title='bbox 451 4083 612 4131; x_wconf 73' lang='lat' dir='ltr'>Athanasius</span> <span class='ocrx_word' id='word_1_201' title='bbox 632 4091 741 4147; x_wconf 85' lang='lat' dir='ltr'>utraque</span> <span class='ocrx_word' id='word_1_202' title='bbox 761 4084 860 4144; x_wconf 75' lang='lat' dir='ltr'>lingua,</span> <span class='ocrx_word' id='word_1_203' title='bbox 881 4082 1019 4132; x_wconf 83' lang='lat' dir='ltr'>valachica</span> <span class='ocrx_word' id='word_1_204' title='bbox 1038 4092 1062 4132; x_wconf 90' lang='lat' dir='ltr'>et</span> <span class='ocrx_word' id='word_1_205' title='bbox 1081 4084 1172 4142; x_wconf 83' lang='lat' dir='ltr'>latina,</span> <span class='ocrx_word' id='word_1_206' title='bbox 1192 4086 1357 4149; x_wconf 83' lang='lat' dir='ltr'>subscripsit.</span> 
     </span>
    </p>

    <p class='ocr_par' dir='ltr' id='par_1_7' title="bbox 407 4152 1499 4576">
     <span class='ocr_line' id='line_1_33' title="bbox 407 4152 1494 4220; baseline 0.001 -17"><span class='ocrx_word' id='word_1_207' title='bbox 407 4152 430 4220; x_wconf 70' lang='lat'>⁸³)</span> <span class='ocrx_word' id='word_1_208' title='bbox 451 4155 590 4203; x_wconf 90' lang='lat' dir='ltr'>Publicum</span> <span class='ocrx_word' id='word_1_209' title='bbox 616 4156 665 4202; x_wconf 92' lang='lat' dir='ltr'>hoc</span> <span class='ocrx_word' id='word_1_210' title='bbox 691 4155 821 4216; x_wconf 68' lang='lat' dir='ltr'>sigillum,</span> <span class='ocrx_word' id='word_1_211' title='bbox 848 4171 900 4218; x_wconf 89' lang='lat' dir='ltr'>quo</span> <span class='ocrx_word' id='word_1_212' title='bbox 924 4156 1052 4218; x_wconf 82' lang='lat' dir='ltr'>impresso</span> <span class='ocrx_word' id='word_1_213' title='bbox 1075 4157 1171 4205; x_wconf 83' lang='lat' dir='ltr'>Actum</span> <span class='ocrx_word' id='word_1_214' title='bbox 1190 4155 1357 4205; x_wconf 82' lang='lat' dir='ltr'>confirmavit</span> <span class='ocrx_word' id='word_1_215' title='bbox 1375 4155 1494 4220; x_wconf 76' lang='lat' dir='ltr'>synodos.</span> 
     </span>
     <span class='ocr_line' id='line_1_34' title="bbox 448 4225 1495 4289; baseline 0.004 -16"><span class='ocrx_word' id='word_1_216' title='bbox 448 4226 553 4274; x_wconf 81' lang='lat' dir='ltr'>slavicis</span> <span class='ocrx_word' id='word_1_217' title='bbox 572 4226 654 4274; x_wconf 86' lang='lat' dir='ltr'>literis</span> <span class='ocrx_word' id='word_1_218' title='bbox 668 4227 822 4289; x_wconf 85' lang='lat' dir='ltr'>inscriptum</span> <span class='ocrx_word' id='word_1_219' title='bbox 836 4235 888 4273; x_wconf 85' lang='lat' dir='ltr'>est:</span> <span class='ocrx_word' id='word_1_220' title='bbox 910 4225 1060 4276; x_wconf 52' lang='grc' dir='ltr'>,ΜΕΤΑ</span> <span class='ocrx_word' id='word_1_221' title='bbox 1074 4225 1189 4278; x_wconf 73' lang='grc' dir='ltr'><em>ΙΑΟἹῈ</em></span> <span class='ocrx_word' id='word_1_222' title='bbox 1201 4229 1350 4278; x_wconf 62' lang='lat' dir='ltr'>nsum</span> <span class='ocrx_word' id='word_1_223' title='bbox 1361 4225 1495 4278; x_wconf 76' lang='lat' dir='ltr'>Mtrt’o-</span> 
     </span>
     <span class='ocr_line' id='line_1_35' title="bbox 449 4297 1496 4362; baseline 0.003 -16"><span class='ocrx_word' id='word_1_224' title='bbox 449 4298 573 4347; x_wconf 82' lang='lat' dir='ltr'><em>IIOAIE</em></span> <span class='ocrx_word' id='word_1_225' title='bbox 584 4298 817 4352; x_wconf 61' lang='lat' dir='ltr'>nausearet,</span> <span class='ocrx_word' id='word_1_226' title='bbox 834 4297 907 4359; x_wconf 78' lang='lat' dir='ltr'>juxta</span> <span class='ocrx_word' id='word_1_227' title='bbox 921 4307 1053 4362; x_wconf 87' lang='lat' dir='ltr'>receptum</span> <span class='ocrx_word' id='word_1_228' title='bbox 1068 4300 1094 4347; x_wconf 91' lang='lat' dir='ltr'>in</span> <span class='ocrx_word' id='word_1_229' title='bbox 1110 4299 1294 4347; x_wconf 61' lang='lat' dir='ltr'>&#39;transilvania</span> <span class='ocrx_word' id='word_1_230' title='bbox 1305 4297 1496 4349; x_wconf 77' lang='lat' dir='ltr'>transcribendi</span> 
     </span>
     <span class='ocr_line' id='line_1_36' title="bbox 449 4369 1499 4432; baseline 0.001 -15"><span class='ocrx_word' id='word_1_231' title='bbox 449 4370 555 4417; x_wconf 87' lang='lat' dir='ltr'>modum</span> <span class='ocrx_word' id='word_1_232' title='bbox 577 4393 608 4408; x_wconf 88' lang='lat'><em>·-·=</em></span> <span class='ocrx_word' id='word_1_233' title='bbox 629 4371 720 4416; x_wconf 72' lang='lat' dir='ltr'>Acesta</span> <span class='ocrx_word' id='word_1_234' title='bbox 741 4371 801 4416; x_wconf 66' lang='lat' dir='ltr'>rt‘sre</span> <span class='ocrx_word' id='word_1_235' title='bbox 817 4376 902 4430; x_wconf 78' lang='lat' dir='ltr'>prcrh·</span> <span class='ocrx_word' id='word_1_236' title='bbox 921 4372 1074 4432; x_wconf 77' lang='lat' dir='ltr'>Mitropolie</span> <span class='ocrx_word' id='word_1_237' title='bbox 1090 4371 1247 4432; x_wconf 62' lang='lat' dir='ltr'>Belgradul,</span> <span class='ocrx_word' id='word_1_238' title='bbox 1266 4369 1363 4420; x_wconf 69' lang='lat' dir='ltr'>latine:</span> <span class='ocrx_word' id='word_1_239' title='bbox 1389 4371 1447 4419; x_wconf 84' lang='lat' dir='ltr'>Hoc</span> <span class='ocrx_word' id='word_1_240' title='bbox 1463 4375 1499 4418; x_wconf 70' lang='lat' dir='ltr'>ert</span> 
     </span>
     <span class='ocr_line' id='line_1_37' title="bbox 449 4441 1496 4506; baseline 0.004 -20"><span class='ocrx_word' id='word_1_241' title='bbox 449 4442 565 4501; x_wconf 43' lang='lat' dir='ltr'>regillum</span> <span class='ocrx_word' id='word_1_242' title='bbox 586 4443 759 4502; x_wconf 79' lang='lat' dir='ltr'>.l{rtropole&#39;ae</span> <span class='ocrx_word' id='word_1_243' title='bbox 777 4442 859 4487; x_wconf 70' lang='lat' dir='ltr'>Albae</span> <span class='ocrx_word' id='word_1_244' title='bbox 877 4442 978 4504; x_wconf 80' lang='lat' dir='ltr'>Julr&#39;ae.</span> <span class='ocrx_word' id='word_1_245' title='bbox 1018 4441 1081 4503; x_wconf 84' lang='lat' dir='ltr'>Ejus</span> <span class='ocrx_word' id='word_1_246' title='bbox 1101 4442 1241 4504; x_wconf 84' lang='lat' dir='ltr'>imaginem</span> <span class='ocrx_word' id='word_1_247' title='bbox 1261 4441 1496 4506; x_wconf 67' lang='lat' dir='ltr'>photographicm</span> 
     </span>
     <span class='ocr_line' id='line_1_38' title="bbox 449 4511 1260 4576; baseline 0.001 -17"><span class='ocrx_word' id='word_1_248' title='bbox 449 4526 481 4560; x_wconf 83' lang='lat' dir='ltr'>ex</span> <span class='ocrx_word' id='word_1_249' title='bbox 499 4511 642 4574; x_wconf 78' lang='lat' dir='ltr'>archetypo</span> <span class='ocrx_word' id='word_1_250' title='bbox 662 4513 719 4575; x_wconf 89' lang='lat' dir='ltr'>ipso</span> <span class='ocrx_word' id='word_1_251' title='bbox 739 4511 851 4559; x_wconf 83' lang='lat' dir='ltr'>fideliter</span> <span class='ocrx_word' id='word_1_252' title='bbox 870 4526 1018 4576; x_wconf 82' lang='lat' dir='ltr'>expressam</span> <span class='ocrx_word' id='word_1_253' title='bbox 1041 4514 1163 4561; x_wconf 87' lang='lat' dir='ltr'>dabimus</span> <span class='ocrx_word' id='word_1_254' title='bbox 1181 4514 1260 4561; x_wconf 84' lang='lat' dir='ltr'>inira.</span> 
     </span>
    </p>
   </div>
   <div class='ocr_carea' id='block_1_6' title="bbox 0 0 1881 5617">
    <p class='ocr_par' dir='ltr' id='par_1_8' title="bbox 0 0 1881 5617">
     <span class='ocr_line' id='line_1_39' title="bbox 0 0 1881 5617; baseline 0 0"><span class='ocrx_word' id='word_1_255' title='bbox 0 0 1881 5617; x_wconf 95' lang='lat' dir='ltr'> </span> 
     </span>
    </p>
   </div>
  </div>
 </body>
</html>
