3725 5617
364 637 419 691 748
693 634 723 687 L.
744 634 791 687 IV.
829 634 868 687 De
888 634 994 687 Unionc
1014 633 1163 688 Serborum.

363 781 473 843 censis
496 778 591 843 Pauli
609 777 783 856 Zorchich,
808 779 865 863 qui
890 780 1029 862 tempori
1054 777 1185 859 cedens,
1211 800 1254 842 ne
1280 800 1328 841 ex
1351 776 1493 862 longiore

366 888 521 950 vacantia
556 887 766 970 episcopatus
804 885 890 949 Unio
928 884 1163 948 detrimentum
1204 894 1394 970 pateretur,
1430 906 1494 948 sese

365 993 552 1057 durissimis
576 994 676 1055 ctiam
701 991 947 1055 conditionibus
971 991 1128 1076 subjecit,
1160 993 1262 1056 tantis
1286 1004 1412 1077 expost
1433 990 1493 1056 len·

366 1100 467 1164 dibus
491 1099 533 1163 ab
553 1100 725 1183 Episcopis
739 1098 1020 1181 Zagrabiensibus
1035 1097 1228 1162 celebratus.
1268 1099 1345 1162 Nec
1361 1099 1494 1163 dubium

365 1218 434 1288 est,
461 1229 535 1269 eum
561 1206 624 1269 hae
649 1207 698 1268 sui
724 1204 955 1268 humiliatione
979 1204 1119 1268 multum
1144 1205 1311 1269 lucratum
1339 1229 1423 1282 csse,
1445 1208 1496 1292 qui

368 1323 481 1397 utpote
513 1312 576 1375 hoc
601 1314 736 1376 innixus
768 1315 951 1397 patroc-inin
984 1323 1017 1375 et
1047 1313 1171 1376 bonum
1196 1312 1340 1377 Pribich
1371 1313 1497 1378 facilius

367 1419 513 1483 obtinuit
537 1430 569 1482 et
593 1420 807 1482 seminarium
825 1419 1008 1503 Zagrabiae
1027 1422 1169 1483 instituit
1192 1430 1224 1483 et
1244 1422 1277 1482 in
1297 1424 1497 1505 possessorio

368 1527 518 1590 Marcsae
550 1528 693 1610 quietior
716 1527 898 1611 permansit
955 1527 1000 1589 At
1033 1549 1094 1590 nee
1119 1549 1204 1590 unus
1237 1549 1302 1590 nec
1327 1526 1416 1592 alter
1438 1529 1497 1613 pio·

367 1655 441 1696 rum
474 1632 590 1696 horum
617 1634 762 1696 virorum
796 1635 827 1696 in
854 1635 973 1717 spiritu
1004 1634 1056 1696 vel
1086 1634 1267 1718 praevidit,
1308 1633 1364 1697 vel
1398 1633 1498 1698 calcu·

368 1737 461 1817 lavit,
486 1761 584 1824 quam
603 1739 684 1802 haee
708 1740 790 1803 adeo
807 1742 920 1803 stricta
936 1740 1158 1825 dependentia
1176 1740 1300 1805 Unioni
1319 1740 1498 1827 aliquando

368 1847 612 1931 praejudiciosa
648 1847 759 1910 futura
795 1860 897 1922 esset,
934 1850 1132 1934 quantisque
1167 1847 1325 1912 lamentis
1358 1851 1499 1913 nationis

372 1953 553 2016 Roscianae
573 1952 656 2017 hacc
677 1956 887 2039 episcopatus
905 1957 937 2018 in
957 1957 1151 2018 vicariatum
1171 1955 1370 2038 degradatio
1388 1978 1499 2020 ansam

369 2059 488 2123 datura
512 2071 606 2125 esset.
647 2061 744 2125 Unde
769 2061 902 2124 tandem
926 2064 1087 2145 originem
1105 2064 1244 2146 sumpsit
1262 2060 1321 2125 illa
1339 2062 1498 2126 malorum

369 2165 466 2244 llias,
502 2189 586 2252 quae
611 2167 753 2231 eundem
778 2170 1006 2253 episcopatum
1037 2192 1075 2231 ac.
1100 2191 1158 2254 per
1183 2168 1217 2231 id
1241 2189 1375 2233 sacram
1405 2170 1499 2235 Unio·

369 2296 446 2337 nem
477 2276 510 2337 in
537 2272 668 2337 Oroatia
698 2286 730 2338 et
753 2275 912 2339 Slavonia
936 2277 1069 2360 penitus
1099 2278 1270 2360 oppressit.
1321 2274 1394 2340 Sed
1417 2289 1499 2341 ante

369 2402 469 2466 quarn
501 2380 584 2444 haec
610 2381 692 2445 ultro
717 2404 924 2460 recenseam,
962 2405 1046 2467 quae
1076 2382 1116 2445 de
1141 2384 1336 2467 episcopatu
1368 2407 1498 2467 graeco·

370 2486 533 2552 catholico
560 2488 742 2572 Syrmiensi
768 2491 873 2573 magis
897 2499 975 2552 nota
998 2500 1083 2569 sunt,
1108 2490 1354 2574 praemittenda
1376 2491 1500 2576 judico.

573 2702 651 2770 (trino
671 2702 845 2771 episcopatus
865 2703 1103 2771 craece-catholici
1123 2702 1294 2772 syrmiensis.

461 2825 558 2905 Quod
576 2829 685 2910 graeci
704 2851 761 2891 seu
778 2831 919 2892 rasciani
939 2828 1092 2892 monachi
1109 2841 1253 2892 montem
1269 2827 1500 2913 syrmiensem

370 2930 501 2997 Fruska
525 2932 614 2997 Gora
640 2934 764 2997 dictum
785 2935 856 3019 jam
882 2935 923 2998 ab
950 2957 987 2996 eo
1012 2935 1089 2997 inde
1114 2947 1279 3019 tempore,
1306 2957 1376 3020 quo
1404 2939 1499 3022 impe·

370 3040 455 3102 rium
481 3039 617 3104 Scrbiae
650 3064 707 3125 pcr
731 3042 865 3105 eaedem
892 3042 1010 3104 Lazari
1037 3042 1157 3105 Knezii
1191 3044 1225 3104 in
1250 3064 1372 3127 campo
1400 3065 1499 3107 meru·

369 3143 476 3209 larum
508 3150 661 3229 (Kosovo
686 3148 787 3233 polje)
819 3149 861 3211 ad
886 3149 1062 3211 Tarcicam
1094 3158 1285 3233 potestatem
1320 3149 1498 3229 ‹lerenit¹),

370 3265 531 3317 evocante
566 3255 699 3318 eosdem
736 3255 878 3338 Georgia
916 3256 1062 3339 Despota
1098 3254 1250 3335 Serbiae,
1289 3256 1498 3337 incoluerint,

369 3359 546 3446 pluresque
580 3363 628 3425 sui
664 3364 745 3424 ritus
779 3361 928 3424 homines
954 3384 990 3424 eo
1026 3364 1261 3446 pertraxerint,
1299 3386 1353 3426 res
1389 3377 1498 3428 estex

370 3466 507 3530 historia
531 3469 715 3532 manifesta.
763 3468 944 3531 hlonaclros
969 3468 1027 3530 hos
1052 3467 1231 3531 catholicos
1255 3468 1374 3546 fuisse,
1404 3482 1497 3555 atque

369 3573 448 3636 olim
474 3575 640 3659 Episcopo
664 3574 877 3638 Sviduieensi
911 3573 1076 3659 subjectos
1107 3597 1148 3636 ex
1173 3575 1273 3637 variis
1306 3577 1497 3663 epigraphis

368 3679 541 3760 librorum,
566 3704 648 3767 quos
672 3704 758 3745 anno
788 3683 866 3745 1801
881 3685 919 3764 l?
945 3682 1024 3744 dnm
1049 3681 1164 3744 eadem
1191 3685 1398 3747 monasteria
1422 3682 1496 3748 anti·

369 3790 507 3872 quitatis
531 3789 696 3852 eruendae
720 3791 827 3870 gratia
852 3790 1054 3867 invisissent,
1087 3789 1249 3871 inspicere
1273 3787 1393 3866 licuit,
1425 3792 1496 3854 satis

369 3897 504 3959 eruitur.
546 3896 596 3958 lix
622 3895 672 3959 his
697 3895 886 3980 epigraphis
915 3894 996 3958 illud
1023 3894 1188 3969 elucescit,
1215 3895 1404 3961 monachos
1422 3899 1496 3963 llar-

369 4023 502 4064 csenses
526 4002 568 4065 ad
594 4004 792 4066 monasteria
807 4003 1012 4085 Syrmiensia
1037 4001 1262 4065 coenobiticae
1279 4005 1374 4068 ritae
1399 4007 1498 4090 gratia

368 4106 470 4171 fuisse
502 4111 633 4188 missos,
671 4120 767 4193 prout
802 4121 833 4171 et
856 4108 938 4172 alios
964 4109 1040 4171 inde
1070 4109 1112 4172 ad
1147 4112 1391 4175 monasterium
1419 4113 1496 4176 llar-

369 4236 484 4277 csenso
509 4227 686 4301 susceptos

461 4337 537 4402 Cur
561 4341 796 4404 institutus?
814 4341 1049 4426 -Postquam
1066 4351 1176 4403 autem
1194 4340 1391 4426 Episcopus
1408 4341 1499 4408 svid-

368 4446 512 4509 uieensis
527 4445 651 4510 Paulus
667 4446 829 4510 Zorclrich
854 4469 912 4531 per
936 4446 1117 4509 reversales
1142 4447 1293 4531 superius
1319 4451 1501 4532 productas

401 4642 421 4706 ¹)
441 4646 495 4694 Cir.
516 4645 718 4693 Kalendarii
737 4651 756 4695 t.
780 4656 809 4702 1.,
829 4659 871 4707 pp.
894 4654 1044 4707 433—454.
