3725 5617
573 643 612 698 De
630 643 796 712 principibus
816 643 967 698 lloldaviae
985 643 1013 697 in
1032 643 1116 696 Tiroli
1136 642 1278 698 defunctis.
1435 642 1488 697 985

364 784 510 852 angendae
538 784 642 854 gloriae
669 785 720 840 Dei
748 793 777 840 et
804 786 919 839 Sanctae
948 784 1083 839 Ecclesiae
1102 784 1257 839 Catholicae
1284 785 1429 851 inserviet3
1457 799 1490 836 ac

365 873 438 938 qnod
465 872 567 928 iratres
584 874 776 929 henchcanos
804 882 833 929 et
852 874 949 929 Patres
972 874 1020 928 hos
1037 873 1182 928 Societatis
1199 873 1266 929 Jeau
1290 875 1407 938 attinet,
1435 889 1489 927 non

365 976 443 1016 secus
477 978 509 1016 ac
536 969 614 1031 peter
641 963 768 1028 filiorum,
802 964 841 1018 sio
873 978 925 1033 ego
953 964 1070 1030 ipsorum
1105 979 1196 1018 curam
1228 978 1330 1032 geram.
1375 962 1491 1017 Caetera

365 1049 455 1105 Illma.
480 1057 509 1106 et
527 1051 603 1106 Runa.
623 1052 759 1107 celsitudo
779 1053 879 1107 Vestra
904 1067 939 1106 ex
956 1052 1102 1121 ldagniiico
1120 1052 1339 1117 Dno.Jere1nia,
1366 1065 1490 1119 supremo

366 1139 545 1206 marschalco,
572 1141 779 1195 Bartholomaeo
802 1141 902 1207 Bruto,
930 1140 1082 1196 oratoribus
1110 1141 1145 1195 ad
1167 1141 1370 1196 serenissimum
1398 1155 1490 1210 regem

367 1229 506 1294 Poloniae,
525 1237 681 1300 cognoscet:
701 1229 797 1298 quibus
816 1236 848 1284 ut
866 1231 895 1284 in
913 1230 1036 1285 omnibus
1055 1230 1142 1287 lllma.
1161 1230 1285 1285 et'Rma.
1305 1229 1443 1284 celsitudo
1457 1229 1489 1283 V.

368 1317 448 1372 fidem
467 1319 602 1386 adhibeat,
621 1336 676 1376 oro.
712 1320 834 1375 Eandem
853 1320 881 1373 in
901 1319 1010 1374 Christo
1028 1320 1096 1374 bene
1115 1319 1206 1374 valere
1225 1319 1311 1388 cupio.

461 1444 561 1498 Datum
595 1444 741 1500 Sucaaviae
774 1460 808 1497 ex
839 1443 981 1512 metropoli
1009 1459 1081 1509 mea,
1116 1444 1160 1499 die
1196 1445 1236 1498 15.
1264 1442 1386 1498 Octobris
1420 1457 1491 1495 anno

371 1532 478 1587 Domini
501 1534 576 1589 1588.

531 1658 634 1715 lllmao.
652 1665 681 1713 et
698 1658 791 1712 Rmae.
811 1657 985 1712 eelsitudinis
1003 1658 1118 1712 Vestrae

1038 1773 1251 1829 studiosissimus

999 1873 1163 1941 Georgius
1182 1872 1313 1938 hlohila,

407 1970 575 2036 (Thamar,
595 1987 619 2039 p.
638 1971 694 2038 46.)
856 1973 1004 2040 Episcopus
1024 1971 1248 2039 metropolitanus
1266 1969 1421 2024 Suozaviae.
1471 1987 1475 1996 ·

611 2281 655 2334 Vr.
685 2282 798 2335 Literue
817 2283 940 2346 ailredum
960 2284 998 2336 ud
1017 2284 1128 2337 Sartona
1150 2284 1205 2336 ΙΨ.
1232 2284 1258 2335 l'.

390 2427 562 2486 Metropolim
592 2429 741 2475 Jloldatu'ue
769 2429 876 2475 Surnum
905 2429 1025 2493 I'onlr'ficr
1059 2430 1217 2476 ‹levotr'oncm
1252 2434 1276 2475 rt
1308 2429 1476 2475 obedientium

389 2516 500 2573 exhibet,
519 2516 704 2579 srjqrrrrssh'crrlquc
722 2519 748 2564 er'
764 2524 787 2564 rt
808 2517 907 2564 Nuntio
921 2519 1068 2579 Apostolum
1088 2521 1115 2564 r'n
1129 2519 1246 2576 Polom'n,
1265 2533 1334 2579 quoae
1354 2517 1478 2576 Princeps

388 2605 427 2651 ml
445 2605 606 2651 reducendus
626 2591 800 2666 gerrtes'suas
824 2608 861 2652 ud
877 2609 977 2653 avitam
995 2607 1078 2670 fidem
1105 2608 1244 2670 recognition
1266 2606 1432 2669 proesn'tcrit
1456 2611 1480 2652 et

813 2698 995 2757 praestiturus
1013 2699 1054 2748 sit.

482 2824 550 2879 Suro.
570 2842 600 2878 ac
619 2827 692 2880 Bme.
712 2828 738 2880 in
759 2827 868 2880 l'hristo
887 2826 979 2891 Peter,
999 2827 1065 2881 Dne.
1086 2828 1151 2882 Dne.
1166 2825 1389 2881 Clementissime.

449 2931 513 2984 Post
531 2933 621 2986 oscula
638 2933 779 2988 beatorum
791 2934 953 2988 Sanctitatis
967 2935 999 2988 V.
1019 2935 1116 3001 pedum
1135 2943 1163 2988 et
1181 2934 1367 3001 obsequiorum
1380 2947 1500 2986 meorum

369 3019 552 3075 humillimam
570 3023 834 3077 commendationem.

448 3135 564 3202 Literna,
584 3155 650 3205 quas
669 3139 806 3193 Sanctitas
827 3140 858 3194 V.
878 3139 963 3193 Illmo.
988 3140 1103 3207 principi
1124 3139 1189 3193 lino.
1210 3154 1268 3192 meo
1287 3137 1501 3192 clementissimo

370 3224 466 3289 misit,
491 3227 545 3280 Sua
563 3227 649 3283 Illraa.
670 3228 806 3282 celsitudo
831 3229 896 3283 mihi
916 3229 1044 3283 ostendit.
1083 3228 1226 3282 llaximam
1245 3243 1310 3281 sane
1335 3228 1421 3281 exiis
1440 3243 1501 3282 oon·

372 3313 536 3370 solationem
555 3316 653 3384 accepi,
673 3318 742 3384 quod
761 3324 874 3385 paterno
893 3318 983 3371 animo
1001 3317 1138 3371 Sanctitas
1154 3317 1187 3371 V.
1207 3316 1288 3370 Suam
1307 3316 1502 3372 celsitudinem

373 3404 558 3472 prosequitur,
580 3407 827 3475 protectionemque
847 3407 1020 3460 eeclesiarum
1038 3406 1229 3460 catholicarum
1248 3406 1404 3474 provinciae
1421 3406 1503 3476 hujus

375 3493 406 3548 in
426 3508 455 3546 se
474 3493 618 3549 clementer
636 3496 745 3563 recepit.
785 3495 915 3562 Equidem
935 3496 1003 3562 quod
1022 3502 1124 3549 statum
1144 3510 1236 3549 earum
1255 3496 1370 3561 attinet,
1389 3496 1412 3550 is
1431 3512 1503 3550 nunc

374 3587 430 3637 eat
467 3582 627 3652 Repurgata
651 3591 692 3638 est
716 3601 733 3636 a
752 3584 876 3638 nefandis
902 3584 1052 3649 erroribus,
1081 3583 1215 3650 daturque
1242 3600 1320 3638 anne
1344 3584 1444 3653 partim
1469 3601 1503 3639 ex

375 3669 468 3725 officio
486 3687 597 3738 meaque
616 3673 644 3727 in
663 3674 790 3726 Sanctam
808 3673 955 3726 Ecclesiam
973 3672 1132 3726 catholicam
1151 3673 1332 3738 observantia,
1350 3674 1451 3741 partim
1470 3690 1503 3728 ex

377 3761 507 3815 mandato
530 3762 611 3816 Illmi.
640 3762 768 3830 principis
788 3763 848 3816 Dni.
875 3762 927 3816 mei
947 3761 1156 3816 Clementissimi
1181 3778 1277 3830 opere,
1304 3777 1339 3816 ne
1363 3761 1447 3829 pulsis
1472 3778 1504 3816 ac

376 3849 526 3916 extirpatis
541 3851 599 3918 jann
618 3852 761 3906 haereticis
781 3852 918 3912 omnihus,
944 3867 1063 3918 unquam
1081 3851 1196 3919 amplius
1215 3852 1359 3906 inficiatur.
1399 3851 1458 3918 Qua
1476 3852 1505 3906 in

377 3939 547 3994 aedificanda
566 3957 648 4008 quum
661 3949 772 3996 strenuo
791 3942 895 3996 laboret
908 3941 1070 4009 hiagnilious
1083 3942 1166 3994 Durus.
1180 3940 1402 3995 Bartholomaeus
1415 3940 1504 4006 Bruti,

377 4028 497 4083 multum
515 4045 580 4084 sane
598 4031 639 4084 illi
658 4031 707 4085 hoc
725 4031 833 4085 nornine
852 4046 942 4085 omnes
961 4031 999 4098 pii
1019 4030 1131 4085 debent:
1158 4031 1239 4099 longe
1257 4045 1321 4083 vero
1340 4030 1400 4096 plus
1419 4030 1503 4084 Emis.

380 4117 513 4172 iratribus
533 4119 719 4174 Franciscanis
743 4129 772 4173 et
791 4120 918 4174 Patribus
938 4119 1082 4174 Societatis
1101 4120 1180 4185 Jesu,
1206 4134 1271 4186 quos
1290 4124 1319 4172 et
1337 4120 1414 4172 unice
1433 4134 1505 4171 anta-

379 4221 454 4268 mus,
483 4212 512 4260 et
537 4207 672 4276 singulari
699 4210 814 4276 quadam
832 4209 938 4276 pietate
966 4209 1158 4276 prosequimur.
1194 4208 1264 4262 Sane
1292 4223 1373 4275 quum
1398 4212 1506 4261 tantam

381 4294 558 4361 felicitatem,
584 4313 649 4355 amo.
668 4298 853 4352 Beatitudiuis
872 4297 905 4351 V.
925 4297 1100 4364 pontificatu,
1128 4297 1242 4352 Sanctae
1262 4296 1397 4350 Ecclesiae
1415 4295 1506 4349 catho-

381 4383 450 4438 licae
479 4384 598 4450 rideam,
627 4403 680 4441 non
709 4403 815 4455 possum
843 4403 896 4440 non
924 4386 1044 4455 gaudere
1072 4386 1099 4440 in
1120 4386 1246 4452 Domin03
1275 4386 1328 4439 imo
1356 4400 1390 4438 ex
1416 4384 1506 4438 animo

381 4487 487 4540 semper
504 4473 655 4530 desideravi
674 4476 854 4530 Sanctitatem
873 4475 906 4531 V.
926 4476 1056 4538 inrisere,
1081 4467 1191 4543 ejusque
1210 4473 1379 4528 beatissimos
1398 4487 1506 4526 exoscu-

383 4561 435 4615 lari
461 4562 550 4629 pedes.
588 4563 689 4619 Verum
717 4581 798 4632 quum
822 4564 849 4618 id
876 4563 935 4618 lieri
963 4579 1036 4617 nnnc
1063 4579 1117 4617 non
1140 4562 1261 4632 potuerit
1288 4569 1398 4631 pmpter
1415 4562 1506 4615 varias

382 4651 512 4722 principie
537 4652 591 4707 mei
609 4652 817 4732 Clementissimi
842 4659 871 4706 et
889 4668 962 4707 meas
980 4652 1182 4719 occupationes,
1211 4667 1277 4717 quas
1302 4651 1330 4704 in
1349 4650 1399 4704 hoc
1417 4649 1506 4704 officio
