3725 5617
365 652 420 707 622
539 650 570 707 L.
588 649 641 705 111.
679 651 719 706 De
738 650 853 705 historie
870 651 998 705 ecclesiae
1017 650 1197 705 Rumenerum
1215 650 1318 707 unitae.

775 1522 954 1626 Caput
984 1523 1060 1605 ui.

426 1718 462 1792 la
483 1717 620 1793 nuntia
642 1717 725 1809 stura
747 1717 902 1809 episcopatu
924 1716 1067 1791 ltlanasii
1089 1716 1190 1789 latinii
1214 1714 1289 1802 (uu
1303 1754 1339 1764 —
1352 1714 1441 1803 lm).

912 1993 919 2008 .
945 1941 975 2009 1.

674 2067 712 2129 lle
730 2066 874 2129 vicariatu
888 1941 1044 2129 §alienarii
1062 2066 1181 2129 lisinii.

918 2245 945 2310 Ι.

368 2373 426 2441 De
449 2369 774 2441 confirmatione
806 2372 853 2438 in
877 2372 1114 2446 vicariatu.
1147 2370 1351 2439 deflente
1377 2372 1501 2440 icone

403 2480 444 2547 Β.
466 2480 522 2546 M.
550 2479 609 2555 V„
643 2478 691 2548 de
715 2479 850 2546 morte
876 2479 1086 2559 Episcopi.
1117 2479 1165 2546 de
1189 2477 1469 2546 flexibilitate

727 2587 904 2665 corporis
932 2584 1132 2653 defuncti.

913 2762 948 2814 A.

391 2860 571 2927 Selectae
593 2859 789 2944 epistolae
805 2859 1014 2926 Athanasii
1033 2859 1177 2937 aeduin
1197 2858 1244 2926 ad
1263 2858 1476 2925 Primatem

850 2965 1010 3049 datae1).

918 3139 943 3187 1.

467 3257 655 3323 celsissime
679 3281 718 3323 ac
743 3259 1030 3322 Reverendissime
1058 3259 1200 3321 Domine
1223 3260 1394 3344 Princeps,

528 3375 672 3439 Domine
695 3376 839 3439 Domine
861 3375 1003 3440 Patrone
1027 3375 1286 3458 Benignissime!

459 3516 692 3581 Venerandam
718 3516 933 3581 celsitudinis
958 3517 1095 3580 Vestrae
1128 3517 1170 3580 ad
1205 3516 1346 3581 humiles
1380 3540 1498 3602 preces

368 3632 496 3687 nostras
526 3623 578 3687 his
608 3622 726 3687 diebus
750 3623 831 3688 mihi
855 3624 1019 3688 redditam
1044 3624 1234 3709 epistolam,
1271 3647 1310 3687 ea
1338 3646 1405 3710 qua
1436 3648 1499 3711 par

370 3741 420 3795 est
443 3729 534 3794 filiali
560 3730 770 3794 observantia
803 3734 954 3816 percepi,
988 3732 1143 3817 quodque
1167 3754 1225 3816 pro
1250 3733 1398 3815 ingenita
1423 3732 1496 3798 Sibi

369 3837 574 3922 benignitate
607 3837 650 3901 ad
674 3838 793 3902 Nostra
826 3837 888 3901 hec
921 3849 988 3901 tam
1022 3841 1207 3902 necessario
1240 3849 1386 3923 tempore
1421 3861 1497 3904 con·

369 3943 592 4027 descendens,
627 3944 669 4009 Se
693 3967 712 4008 a
735 3944 840 4008 Nobis
865 3944 987 4008 infimis
1012 3947 1158 4025 exorari,
1195 3944 1323 4031 subque
1346 3942 1415 4008 Sua
1441 3969 1498 4032 pa·

368 4060 462 4115 terna
494 4053 697 4136 protectione
720 4052 789 4115 Nos
819 4074 986 4116 assumere
1018 4051 1187 4136 dignetur:
1224 4053 1259 4116 id
1291 4051 1497 4138 peculiarem

371 4156 424 4220 bie
465 4158 500 4221 in
536 4158 794 4223 circumstantiis
828 4158 933 4223 Nobis
968 4158 1102 4223 afflictis
1137 4161 1244 4244 primo
1279 4158 1497 4243 effulgentem

369 4264 550 4348 recipimus
572 4266 730 4348 gratiam,
767 4288 852 4351 quae
875 4267 976 4329 unica
1000 4277 1075 4329 ante
1100 4267 1212 4330 omnia
1235 4288 1324 4330 nunc
1348 4268 1497 4351 primum

372 4368 451 4434 huic
475 4370 726 4437 desiderabatur
749 4372 925 4454 ecclesiae,
960 4383 996 4436 ut
1019 4395 1060 4436 cx
1084 4385 1151 4436 tam
1177 4372 1287 4437 multis
1310 4371 1498 4439 tribulatio-

403 4593 424 4665 ¹)
441 4598 479 4646 Ut
497 4598 640 4647 serviamus
659 4598 791 4656 brevitati,
810 4614 841 4647 ex
860 4614 957 4661 magno
977 4600 1070 4648 codice
1085 4615 1149 4651 msc.
1162 4598 1333 4663 epistolarum
1350 4599 1497 4651 Athanasii

441 4682 528 4733 pauca
545 4676 645 4719 tantum
666 4669 709 4718 hic
728 4670 852 4719 sistimus.
