3725 5617
365 640 422 695 676
542 641 572 694 L.
591 640 640 695 ΠΙ.
677 642 718 695 De
736 641 850 695 historia
869 641 997 695 ecclesiae
1016 641 1197 695 Runrenorurn
1216 641 1323 696 unitae.

919 917 946 981 I.

436 1047 499 1111 Ex
529 1045 678 1124 primis
703 1045 840 1112 literis
866 1045 1093 1125 encyclicis
1123 1044 1178 1111 ad
1202 1044 1443 1113 nationem

755 1159 870 1227 datie
896 1175 964 1226 en.
990 1160 1102 1229 1852.

460 1367 518 1385 ...
542 1318 656 1382 Restat
679 1320 790 1383 adhue
813 1318 941 1404 aliquid
966 1318 1100 1402 majoris
1121 1320 1289 1399 momenti,
1317 1321 1508 1384 maximae·

368 1446 434 1510 que
474 1427 722 1509 importantiae‚
759 1429 830 1490 sine
871 1447 936 1511 quo
977 1426 1157 1509 sapientia,
1194 1426 1378 1507 scientiae,
1416 1439 1507 1491 artes

369 1542 526 1613 cunctae,
558 1540 590 1595 et
614 1530 727 1596 Croesi
751 1532 896 1596 thesauri
926 1533 960 1595 in
986 1530 1126 1595 nihilum
1150 1530 1298 1612 abirent3
1335 1535 1412 1597 sine
1438 1555 1504 1620 quo

370 1640 542 1703 nationum
573 1660 613 1701 ac
643 1648 786 1703 statuum
819 1639 1095 1703 efflorescentium
1127 1638 1190 1701 sibi
1220 1640 1402 1723 imaginari
1437 1640 1503 1705 ehi·

371 1746 553 1810 macricum
575 1744 775 1829 phantasma
799 1746 899 1823 foret,
931 1745 1020 1831 quod
1045 1747 1240 1829 praeprimis
1269 1748 1363 1810 natio
1389 1758 1504 1811 nostra

371 1854 404 1915 in
428 1854 556 1935 integro
581 1853 782 1917 servandum
806 1875 846 1917 ac
870 1852 1076 1937 sequendum
1101 1851 1219 1915 habet:
1254 1853 1359 1938 idque
1383 1853 1500 1937 religio

370 1959 532 2044 majorum
558 1968 742 2024 nostrorum
767 1960 915 2045 fidesque
940 1958 1089 2023 salvifica
1113 1960 1177 2022 est!
1226 1959 1371 2045 hlajores
1396 1962 1500 2025 nostri

370 2088 446 2131 cum
477 2089 537 2151 per
559 2066 740 2151 Trajanum
765 2067 1004 2150 Imperatorem
1039 2065 1079 2128 de
1103 2063 1218 2128 ltaliae
1243 2087 1387 2130 amoena
1412 2078 1503 2130 terra

370 2173 505 2237 adducti
530 2175 563 2236 in
581 2173 720 2236 Daciam
747 2173 858 2236 sedem
883 2172 1038 2253 fixerunt,
1064 2171 1192 2235 huncce
1217 2172 1416 2237 thesaurum
1443 2177 1502 2238 sci·

370 2279 448 2343 licet
470 2278 662 2363 religionem
688 2289 720 2342 et
743 2279 843 2343 fidem
859 2279 964 2342 Roma
988 2300 1098 2342 secum
1121 2276 1268 2343 attulere.
1308 2278 1502 2363 Evangelio

370 2387 412 2450 D.
438 2386 477 2451 N.
502 2386 534 2450 J.
560 2383 620 2449 Oh.
652 2396 781 2470 portato
812 2384 855 2449 ab
880 2385 996 2470 Eppia.
1027 2396 1058 2448 et
1091 2384 1317 2448 sacerdotibus
1350 2408 1370 2448 a
1395 2385 1501 2449 Patri-

368 2493 470 2557 archa
494 2492 527 2558 S.
552 2502 584 2555 et
610 2492 726 2576 Apost.
744 2491 838 2558 Sedis
863 2493 1031 2556 Romanae
1056 2494 1323 2555 consecratis-
1348 2491 1504 2556 vultures

370 2600 557 2684 Legionum
572 2599 795 2663 Romanarum
821 2598 1058 2684 praecedentes
1075 2621 1206 2661 erucem
1222 2599 1335 2662 rostris
1350 2600 1502 2682 gerendo

370 2717 595 2771 monstravere
619 2708 708 2769 viam
741 2708 775 2769 in
800 2706 953 2770 Daciam.
1000 2706 1148 2769 Detrahe
1182 2704 1292 2768 velum
1325 2705 1368 2769 de
1393 2706 1503 2770 oculis

370 2815 490 2877 mentis
515 2823 599 2892 tuae,
624 2814 716 2898 aperi
740 2835 836 2876 aures
860 2813 968 2876 cordis
991 2815 1054 2894 tui,
1080 2813 1158 2876 audi
1183 2824 1216 2875 et
1239 2811 1387 2897 intellige
1414 2816 1502 2877 veri·

370 2923 447 2984 tatis
479 2920 577 3005 hujus
602 2941 717 2982 vocem
728 2970 736 3000 ,
769 2941 970 3004 operquam
998 2943 1073 2983 cara
1105 2931 1137 2982 et
1161 2918 1281 2982 dilecta
1305 2921 1398 2983 natio
1426 2943 1502 2984 mea

372 3028 537 3090 Romana!
572 3037 639 3089 tota
673 3038 796 3110 quanta
829 3049 863 3088 es
895 3050 914 3089 a
948 3026 1073 3089 'l'ibisci
1108 3029 1181 3110 ripa
1215 3047 1317 3110 usquc
1352 3026 1502 3090 Pontum

371 3135 543 3198 Euxinum
569 3143 780 3217 montemque
804 3133 902 3197 Pindi
935 3132 1030 3216 longe
1060 3133 1188 3217 lateque
1214 3133 1380 3216 dispersa!
1433 3135 1502 3197 hla-

364 3241 455 3327 jores
480 3242 582 3304 nostri
616 3239 809 3323 religionem
844 3239 1009 3324 fidemque
1034 3262 1145 3319 suam,
1179 3239 1371 3302 thesaurum
1409 3239 1504 3304 hanc

370 3350 662 3433 pretiosissimum,
700 3348 803 3410 lloma
843 3346 1041 3427 attulerunt3
1078 3349 1252 3409 Antistites
1288 3347 1504 3432 ministrique

371 3456 455 3518 sacri
488 3455 650 3539 majorum
682 3465 867 3517 nostrorum
898 3475 1027 3516 sacrum
1059 3453 1233 3515 sacerdotii
1260 3455 1309 3515 sui
1343 3453 1501 3518 ordinem

370 3574 568 3646 acceperuut
592 3563 800 3645 impositione
817 3583 975 3622 rnanuum
992 3585 1010 3622 a
1026 3560 1218 3622 Patriarcha
1236 3562 1361 3643 primae
1380 3561 1503 3646 Apost.

370 3668 465 3733 Sedis
498 3669 680 3732 llomanac.
716 3662 968 3751 doctrinamque
1001 3667 1151 3729 haustam
1193 3667 1232 3729 de
1265 3666 1362 3728 labiis
1395 3671 1505 3731 sacris

371 3775 534 3838 Diuorum
552 3774 785 3859 Apostolorum
810 3775 895 3836 Petri
922 3786 955 3836 et
970 3774 1062 3836 Pauli
1088 3796 1129 3835 ex
1156 3773 1265 3835 ltalia!
1293 3812 1334 3818 -
1361 3777 1505 3852 (Quanta

370 3880 441 3945 laus
466 3894 498 3943 et
520 3881 634 3963 gloria,
660 3891 784 3965 quanta
809 3880 890 3943 haec
916 3903 973 3964 pro
997 3881 1091 3942 nohis
1116 3880 1296 3963 spiritualis
1314 3882 1504 3946 consolatio

371 3989 436 4051 ost!
475 3989 543 4051 Nos
568 4011 644 4071 ergo
661 3989 800 4051 Romani
826 4010 1035 4071 nequaquam
1059 3986 1236 4048 habuimus
1254 4008 1346 4070 opus.
1374 3985 1504 4052 Christi

370 4095 469 4158 fidem
502 4096 782 4179 apostolicamque
814 4093 1006 4171 religionem
1040 4105 1070 4154 et
1097 4094 1278 4156 doctrinam
1313 4117 1332 4155 a
1358 4092 1505 4160 Graecis

370 4201 423 4264 vel
448 4225 466 4264 a
492 4202 692 4264 l'atriarchis
714 4200 842 4285 (llatae,
869 4199 1108 4276 Alexandrino,
1135 4201 1354 4272 Antiocheno,
1382 4201 1502 4266 Hiero·

371 4308 584 4392 solymitano‚
621 4320 678 4372 aut
718 4331 796 4371 voro
835 4308 876 4370 ah
909 4308 983 4371 aliis
1023 4307 1261 4370 rarentierihus
1294 4308 1506 4374 l'atriarchis

370 4416 576 4480 diversamur
611 4418 799 4490 nationum,
832 4439 913 4500 quos¹
946 4414 1094 4477 (honr-ilia
1120 4416 1344 4478 (lecurrrcaica
1377 4438 1397 4477 a
1431 4419 1505 4502 Spi-

369 4525 434 4587 ritu
468 4547 492 4586 s
529 4524 695 4586 insufflata
735 4533 767 4585 et
809 4525 912 4585 sarrrcti
949 4523 1062 4584 l'atrcs
1105 4525 1276 4605 ignorant,
1311 4521 1505 4588 addiscere.

370 4631 462 4694 llaec
503 4653 579 4715 ergo
622 4631 783 4714 majorum
825 4641 1009 4692 nostrorum
1051 4653 1069 4692 a
1104 4628 1136 4693 S.
1179 4629 1263 4692 Sede
1304 4627 1508 4713 :lpostolica
