3725 5617
376 467 428 518 100
472 466 540 521 1..1.
570 471 600 533 Q.
621 467 654 520 ll.
695 467 732 520 lle
753 467 968 521 ordinationilnrs
988 468 1149 522 (dioscorum
1170 469 1301 522 iterandis
1321 470 1366 524 rel
1385 487 1446 525 non.

903 762 910 778 ·
948 763 967 806 a

784 765 1078 960 tritissimum.

390 1024 526 1072 Sententia
554 1022 737 1084 theologorum
767 1022 956 1069 Viennensium
985 1020 1127 1070 affirmans.
1156 1049 1190 1058 -
1219 1023 1329 1086 Judicia
1358 1024 1418 1074 Nic.
1444 1025 1469 1074 C.

392 1094 559 1159 l'apadopoli
585 1100 610 1142 et
630 1094 688 1157 Jac.
707 1092 839 1140 Caschodi
866 1093 997 1153 negantia.
1024 1120 1058 1128 -
1087 1093 1232 1141 Consilium
1259 1095 1339 1142 Card.
1360 1095 1469 1144 Corneto

625 1165 658 1212 de
678 1165 764 1211 Causa
783 1164 845 1211 Sedi
866 1163 1040 1226 Apostolicnc
1059 1165 1238 1228 priaponenda.

414 1304 628 1373 sententia
656 1303 815 1370 ordinis
841 1305 1128 1388 theologorum
1153 1305 1458 1374 Viennensium.

460 1455 618 1539 'l'heologi
643 1454 867 1535 Viennenses,
902 1454 943 1517 de
968 1454 1130 1539 postulato
1157 1456 1333 1519 Athanasii
1366 1468 1484 1522 senten-

370 1568 450 1630 tiam
475 1563 590 1647 rogati,
615 1560 874 1644 responderunt:

460 1680 485 1743 l.
523 1678 606 1762 Ipsis
639 1676 764 1752 videri,
800 1677 1014 1740 annuendum
1052 1699 1121 1740 esse
1157 1679 1312 1762 precibus
1346 1681 1489 1746 Oratoris

370 1805 468 1873 atque
492 1785 534 1849 ad
550 1783 828 1847 nundinationem
845 1794 878 1846 et
892 1786 1210 1847 reconsecrationem
1226 1787 1488 1870 procedendum

369 1907 439 1958 tum
474 1892 515 1955 oli
548 1893 665 1974 gravia
697 1891 822 1953 motiva
855 1889 897 1952 ab
931 1892 1002 1974 ipso
1026 1890 1211 1955 Athanasio
1246 1894 1279 1956 in
1312 1895 1493 1960 fundandis

370 1999 524 2088 precibus
547 1997 710 2076 adducta3
734 2007 803 2059 turn
830 1996 928 2081 quod,
953 2008 1035 2060 teste
1060 1997 1205 2078 historia,
1232 1997 1490 2084 plurieefiaetum

370 2112 421 2174 sit.
448 2117 483 2169 ut
506 2104 548 2167 ab
574 2104 748 2166 haereticis
772 2115 803 2166 et
820 2104 938 2166 Turcis
963 2105 996 2166 in
1021 2106 1267 2188 episcopatibus
1290 2110 1421 2191 graecis
1437 2131 1494 2195 per

369 2218 437 2278 vim
464 2211 702 2276 collocarentur
718 2210 867 2274 homines
885 2212 956 2273 sine
974 2210 1084 2274 valida
1101 2212 1256 2275 ordinum
1273 2218 1491 2299 susceptione,

370 2325 439 2386 sive
471 2319 560 2406 quod
586 2316 675 2381 nulla
699 2319 833 2380 omnino
865 2317 963 2380 sirerit
987 2316 1138 2380 arlhibita
1163 2319 1387 2386 cheirotonia.
1424 2323 1493 2386 sive

369 2427 457 2514 quod
491 2424 662 2489 adhibitus
699 2423 833 2508 ‹pridern
868 2424 967 2486 fuerit
1005 2427 1263 2488 consecrationis
1296 2427 1494 2514 episcopalis

368 2537 468 2608 ritus,
494 2534 563 2596 sine.
588 2532 723 2616 praevia
748 2541 857 2593 tamen
883 2529 1091 2594 ordinatione
1116 2531 1388 2618 presbyte1·ali¹)3
1424 2547 1492 2598 turn

368 2641 511 2725 denique
544 2636 631 2723 quod
664 2636 889 2699 ordinationes
921 2637 1129 2700 sacerdotum
1167 2649 1198 2701 et
1230 2643 1495 2704 consecrationes

367 2750 598 2833 episcoporum
624 2766 721 2829 saepe
746 2743 899 2827 legantur
921 2744 1029 2807 factae
1053 2744 1095 2807 ab
1121 2744 1312 2808 hominibus
1336 2745 1493 2832 elongin-

367 2856 441 2941 quis
465 2863 497 2915 et
521 2852 641 2934 ignotis
664 2850 856 2935 regionibus
880 2850 1044 2928 advectis,
1079 2852 1136 2936 qui
1160 2853 1231 2914 sine
1255 2851 1385 2916 idoneis
1408 2857 1493 2918 testi·

367 2960 488 3024 moniis
519 2959 690 3042 episcopos
723 2981 756 3020 se
781 2958 1018 3034 affirmassent,
1055 2957 1096 3020 dc
1129 2979 1267 3043 qaorum
1303 2958 1493 3024 charactere

367 3064 545 3152 episcopali
580 3075 690 3127 rudem
715 3066 851 3127 minime
877 3065 1124 3149 constitisset²);
1161 3087 1295 3128 censere
1319 3077 1493 3152 propterea

366 3172 553 3256 theologos,
579 3170 734 3233 standum
759 3192 829 3233 esse
853 3171 999 3256 antiquis
1023 3170 1087 3233 illis
1111 3171 1358 3235 conditionatae
1382 3195 1492 3236 recon-

367 3281 561 3344 secrationis
585 3277 761 3362 exemplis.
788 3277 896 3340 medio
922 3277 1052 3340 saeculo
1077 3278 1187 3362 elapso
1212 3279 1246 3341 in
1271 3277 1404 3342 duobus
1427 3281 1492 3366 epi·

366 3388 474 3472 scopis
499 3382 811 3448 llunkacsiensibus
845 3385 927 3446 ritus
959 3385 1071 3467 grancei
1104 3384 1207 3460 datis,
1244 3385 1403 3450 nimirum
1428 3385 1493 3450 lle·

365 3492 489 3564 thodii.
529 3514 586 3577 per
618 3490 841 3554 liuthenicum
875 3491 1068 3574 episcopum
1093 3489 1359 3568 Premisliensem
1394 3491 1492 3558 hlain—

366 3600 495 3664 kowski
522 3596 734 3683 hypothetice
758 3598 1019 3678 reconsecrati‘),
1045 3608 1077 3659 et
1100 3597 1281 3674 Parthenii,
1307 3597 1493 3662 esseratialia

397 3827 418 3896 ¹)
438 3829 618 3878 Probabiliter
638 3829 680 3876 hic
701 3829 845 3892 respiciunt
864 3828 982 3890 theologi
1005 3829 1065 3876 illos
1085 3831 1226 3893 episcopos
1245 3832 1310 3878 ritus
1328 3831 1428 3893 graeci.
1448 3831 1492 3896 qui

439 3916 469 3954 ,α
499 3901 638 3949 duodecim
672 3900 889 3948 Praedicantibus
918 3900 1070 3949 Calvinistis
1104 3902 1160 3950 sine
1193 3901 1248 3949 ulla
1283 3904 1494 3962 consecratione,

436 3973 515 4020 ctiam
536 3971 710 4020 schismaticis
730 3971 831 4030 graecis
852 3981 987 4028 consueta,
1007 3973 1159 4020 constituti*
1181 3973 1303 4034 leguntur
1322 3973 1349 4022 in
1370 3975 1400 4024 B.
1414 3975 1449 4024 U.
1463 3975 1496 4026 B.

436 4059 461 4107 p.
488 4055 537 4100 11..
557 4043 590 4090 de
611 4044 706 4106 quibus
727 4058 773 4089 ¹suo
793 4042 854 4089 loco
875 4057 960 4090 sermo
980 4044 1085 4091 redibit.

396 4110 563 4181 ¹)Spectare
588 4115 638 4162 ista
658 4115 779 4161 videntur
799 4113 1005 4177 Theophanem.
1034 4115 1153 4176 ignotum
1173 4114 1248 4162 illum
1269 4113 1420 4174 hominem,
1449 4117 1497 4182 qui

435 4185 513 4234 titulo
541 4185 708 4233 Patriarchae
730 4184 965 4247 llicrosolymitani
992 4194 1142 4249 assumpto,
1167 4186 1350 4234 ordinationes
1375 4187 1442 4236 tecit
1469 4189 1497 4238 in

439 4256 539 4304 Russia
563 4270 604 4303 an.
629 4257 709 4312 rozo,
738 4257 843 4319 dequo
864 4256 945 4318 relegi
965 4264 1090 4319 possunt,
1120 4271 1187 4320 quse
1211 4257 1449 4308 animadvertimus
1469 4261 1497 4308 in

437 4327 589 4393 Zer'tsclrrr'st
600 4328 656 4392 seir
675 4329 744 4376 helle.
770 4329 912 4386 Theodosia.
938 4328 1012 4379 1880.
1033 4344 1057 4391 p.
1079 4339 1139 4391 744.

397 4394 419 4467 ⁸)
440 4401 513 4447 llaec
541 4399 734 4446 reconsecratio
760 4400 838 4447 etiam
859 4399 971 4446 retertur
994 4400 1021 4447 in
1042 4401 1072 4451 B.
1094 4401 1127 4448 t'.
1148 4401 1178 4453 B.
1198 4415 1223 4464 p.
1243 4411 1292 4456 21;
1317 4413 1408 4450 verum
1431 4403 1500 4452 Pre-

436 4469 576 4519 misliensis
596 4471 714 4533 episcopi
735 4485 830 4518 nomen
851 4470 886 4517 ibi
908 4481 1031 4534 corrupte
1051 4471 1148 4533 legitur
1167 4469 1379 4524 u'stcnowszki.
