3725 5617
684 2150 1048 2255 Angustissima

446 2346 792 2446 Domus
827 2344 1284 2444 Austriaoa

676 2552 732 2636 de
760 2553 870 2656 pari
898 2551 1063 2635 tutela

381 2733 528 2799 eree·
551 2733 868 2799 catholicorum
889 2733 1050 2798 ritibus
1073 2733 1350 2813 praestanda

786 2900 947 2920 WWV

391 3039 479 3122 Dum
503 3058 538 3122 in
559 3059 625 3123 hoc
643 3078 746 3142 regno
774 3057 941 3123 catholica
964 3054 1115 3121 salvifica
1136 3053 1253 3139 religio
1269 3075 1312 3118 ex
1326 3053 1434 3119 tribus

303 3154 423 3220 ritibus
448 3163 592 3239 constat,
622 3154 736 3237 latino,
760 3176 891 3240 graeco,
916 3164 950 3218 et
972 3153 1232 3237 armeno-unito,
1258 3161 1433 3239 eapropter

303 3253 365 3319 hoc
396 3256 578 3340 praecipue
610 3252 948 3318 animadvertendum
981 3253 1060 3335 erit,
1096 3259 1133 3315 ut
1164 3249 1333 3334 praefatae
1365 3258 1433 3313 tres

302 3352 390 3417 filiae
420 3354 522 3416 unius
545 3350 760 3438 ejusdemque
785 3353 900 3417 matris
930 3353 966 3416 in
990 3373 1102 3416 amore
1133 3349 1433 3435 consanguinitatis

302 3453 427 3536 pariter
450 3452 579 3515 vivant.
615 3448 735 3516 Omnis
759 3449 927 3516 discordia
951 3458 1022 3514 tum
1047 3451 1135 3517 intra
1158 3450 1290 3541 plebem
1312 3450 1431 3536 ipsam,

301 3560 371 3613 tum
402 3550 494 3613 intra
516 3547 740 3612 sacerdotium
769 3550 922 3614 evitetur.
971 3548 1097 3615 Omnes
1127 3551 1162 3616 hi
1193 3561 1259 3617 tres
1282 3551 1366 3614 ritus
1396 3547 1433 3610 in

299 3645 433 3732 sequali
458 3647 656 3710 auctoritate
679 3656 935 3730 conserventur3
960 3649 1056 3733 proin
1081 3648 1163 3715 nulli
1186 3649 1306 3715 horum
1329 3645 1431 3709 trium

299 3765 378 3829 prae
403 3742 538 3808 dnobus
567 3746 640 3830 pari
665 3744 757 3809 cultu
781 3744 893 3831 dignis
920 3747 1034 3833 aliqua
1057 3750 1293 3833 praecellentia
1316 3764 1431 3810 eonce-

298 3841 417 3924 datnr3
454 3863 570 3906 omnes
608 3841 650 3907 de
680 3841 841 3929 religione
881 3844 1122 3932 disputationes
1158 3844 1334 3914 interhas
1363 3850 1432 3905 tres

297 3942 410 4005 nnitas
449 3937 553 4022 filias,
588 3950 797 4027 contemptus
829 3953 1021 4008 mutuarum
1051 3946 1338 4010 caeremoniarum
1373 3947 1432 4003 aut

296 4036 478 4103 sacerdotii
503 4037 651 4103 maxima
674 4060 750 4103 cum
773 4061 853 4104 cura
877 4040 1007 4106 vitandi
1025 4051 1118 4125 sunt3
1144 4041 1332 4107 cavendum
1357 4038 1429 4118 erit,

296 4158 336 4201 ne
360 4136 565 4201 exercitium
596 4134 714 4201 horum
738 4138 839 4202 trium
870 4139 995 4202 rituum
1027 4139 1231 4206 dominantis
1261 4137 1431 4222 religionis

294 4256 432 4322 qnoqno
456 4232 558 4299 modo
582 4234 784 4320 impediatur
807 4246 866 4301 aut
888 4238 1159 4324 interrumpatur.
1194 4238 1230 4327 (J
1236 4238 1368 4323 oseph.
1385 4234 1430 4300 H.

292 4334 445 4399 laumas
465 4354 531 4419 pro
556 4333 766 4417 mapistratib.
791 4336 882 4422 rapui
908 4333 1056 4401 Goliot'oc
1081 4336 1158 4402 edit.
1183 4361 1213 4404 a.
1240 4334 1351 4423 1782).
