<?xml version="1.0" encoding="UTF-8"?>
<!DOCTYPE html PUBLIC "-//W3C//DTD XHTML 1.0 Transitional//EN"
    "http://www.w3.org/TR/xhtml1/DTD/xhtml1-transitional.dtd">
<html xmlns="http://www.w3.org/1999/xhtml" xml:lang="en" lang="en">
 <head>
  <title>
</title>
<meta http-equiv="Content-Type" content="text/html;charset=utf-8" />
  <meta name='ocr-system' content='tesseract 3.04.00' />
  <meta name='ocr-capabilities' content='ocr_page ocr_carea ocr_par ocr_line ocrx_word'/>
</head>
<body>
  <div class='ocr_page' id='page_1' title='image "./symbolaeadillus00nillgoog_0524.png"; bbox 0 0 3725 5617; ppageno 0'>
   <div class='ocr_carea' id='block_1_1' title="bbox 416 647 1373 704">
    <p class='ocr_par' dir='ltr' id='par_1_1' title="bbox 416 647 1373 704">
     <span class='ocr_line' id='line_1_1' title="bbox 416 647 1373 704; baseline 0.002 -2"><span class='ocrx_word' id='word_1_1' title='bbox 416 649 472 702; x_wconf 72' lang='lat'><strong>396</strong></span> <span class='ocrx_word' id='word_1_2' title='bbox 592 647 623 702; x_wconf 84' lang='lat' dir='ltr'><strong>L.</strong></span> <span class='ocrx_word' id='word_1_3' title='bbox 641 647 693 703; x_wconf 84' lang='grc' dir='ltr'>ΙΙΙ.</span> <span class='ocrx_word' id='word_1_4' title='bbox 730 649 771 703; x_wconf 90' lang='lat' dir='ltr'><strong>De</strong></span> <span class='ocrx_word' id='word_1_5' title='bbox 789 647 904 703; x_wconf 86' lang='lat' dir='ltr'><strong>historia</strong></span> <span class='ocrx_word' id='word_1_6' title='bbox 922 647 1049 703; x_wconf 85' lang='lat' dir='ltr'><strong>ecelesiae</strong></span> <span class='ocrx_word' id='word_1_7' title='bbox 1068 649 1249 702; x_wconf 88' lang='lat' dir='ltr'><strong>Rumenorum</strong></span> <span class='ocrx_word' id='word_1_8' title='bbox 1269 649 1373 704; x_wconf 86' lang='lat' dir='ltr'><strong>uuitse.</strong></span> 
     </span>
    </p>
   </div>
   <div class='ocr_carea' id='block_1_2' title="bbox 418 789 1554 1948">
    <p class='ocr_par' dir='ltr' id='par_1_2' title="bbox 418 789 1554 1948">
     <span class='ocr_line' id='line_1_2' title="bbox 418 789 1549 878; baseline 0 -22"><span class='ocrx_word' id='word_1_9' title='bbox 418 792 605 856; x_wconf 85' lang='lat' dir='ltr'><strong>audiendos</strong></span> <span class='ocrx_word' id='word_1_10' title='bbox 630 814 717 873; x_wconf 84' lang='lat' dir='ltr'><strong>esse,</strong></span> <span class='ocrx_word' id='word_1_11' title='bbox 752 814 854 878; x_wconf 92' lang='lat' dir='ltr'><strong>quum</strong></span> <span class='ocrx_word' id='word_1_12' title='bbox 879 793 1082 856; x_wconf 89' lang='lat' dir='ltr'><strong>unanimiter</strong></span> <span class='ocrx_word' id='word_1_13' title='bbox 1105 789 1147 855; x_wconf 87' lang='lat' dir='ltr'><strong>ab</strong></span> <span class='ocrx_word' id='word_1_14' title='bbox 1172 792 1327 857; x_wconf 87' lang='lat' dir='ltr'><strong>onmibus</strong></span> <span class='ocrx_word' id='word_1_15' title='bbox 1351 793 1549 878; x_wconf 87' lang='lat' dir='ltr'><strong>postuletur,</strong></span> 
     </span>
     <span class='ocr_line' id='line_1_3' title="bbox 421 898 1550 984; baseline 0.002 -22"><span class='ocrx_word' id='word_1_16' title='bbox 421 920 483 962; x_wconf 89' lang='lat' dir='ltr'><strong>nee</strong></span> <span class='ocrx_word' id='word_1_17' title='bbox 508 900 785 964; x_wconf 87' lang='lat' dir='ltr'><strong>contemnandam</strong></span> <span class='ocrx_word' id='word_1_18' title='bbox 811 921 881 963; x_wconf 86' lang='lat' dir='ltr'><strong>esse</strong></span> <span class='ocrx_word' id='word_1_19' title='bbox 905 899 1085 964; x_wconf 90' lang='lat' dir='ltr'><strong>eorundem</strong></span> <span class='ocrx_word' id='word_1_20' title='bbox 1107 901 1311 984; x_wconf 78' lang='lat' dir='ltr'>petitionem.</span> <span class='ocrx_word' id='word_1_21' title='bbox 1351 898 1550 965; x_wconf 79' lang='lat' dir='ltr'><strong>Consoletur</strong></span> 
     </span>
     <span class='ocr_line' id='line_1_4' title="bbox 420 1005 1549 1093; baseline 0.001 -24"><span class='ocrx_word' id='word_1_22' title='bbox 420 1005 560 1091; x_wconf 81' lang='lat' dir='ltr'><strong>proinde</strong></span> <span class='ocrx_word' id='word_1_23' title='bbox 586 1006 776 1070; x_wconf 80' lang='lat' dir='ltr'><strong>Eminentia</strong></span> <span class='ocrx_word' id='word_1_24' title='bbox 800 1006 918 1070; x_wconf 88' lang='lat' dir='ltr'><strong>Vestra</strong></span> <span class='ocrx_word' id='word_1_25' title='bbox 942 1005 1097 1070; x_wconf 85' lang='lat' dir='ltr'><strong>adminus</strong></span> <span class='ocrx_word' id='word_1_26' title='bbox 1122 1006 1254 1071; x_wconf 87' lang='lat' dir='ltr'><strong>eosdem</strong></span> <span class='ocrx_word' id='word_1_27' title='bbox 1278 1006 1388 1093; x_wconf 90' lang='lat' dir='ltr'><strong>aliquo</strong></span> <span class='ocrx_word' id='word_1_28' title='bbox 1414 1009 1549 1092; x_wconf 85' lang='lat' dir='ltr'><strong>scripto,</strong></span> 
     </span>
     <span class='ocr_line' id='line_1_5' title="bbox 420 1112 1550 1199; baseline 0 -23"><span class='ocrx_word' id='word_1_29' title='bbox 420 1122 455 1176; x_wconf 88' lang='lat' dir='ltr'><strong>et</strong></span> <span class='ocrx_word' id='word_1_30' title='bbox 478 1112 522 1177; x_wconf 89' lang='lat' dir='ltr'><strong>ad</strong></span> <span class='ocrx_word' id='word_1_31' title='bbox 545 1113 709 1178; x_wconf 92' lang='lat' dir='ltr'><strong>Unionem</strong></span> <span class='ocrx_word' id='word_1_32' title='bbox 734 1113 998 1177; x_wconf 78' lang='lat' dir='ltr'><strong>conservandam</strong></span> <span class='ocrx_word' id='word_1_33' title='bbox 1022 1112 1220 1178; x_wconf 88' lang='lat' dir='ltr'><strong>adhortetur</strong></span> <span class='ocrx_word' id='word_1_34' title='bbox 1243 1135 1347 1199; x_wconf 89' lang='lat' dir='ltr'><strong>usque</strong></span> <span class='ocrx_word' id='word_1_35' title='bbox 1372 1113 1451 1176; x_wconf 89' lang='lat' dir='ltr'><strong>dum</strong></span> <span class='ocrx_word' id='word_1_36' title='bbox 1472 1113 1550 1198; x_wconf 84' lang='lat' dir='ltr'><strong>Epi·</strong></span> 
     </span>
     <span class='ocr_line' id='line_1_6' title="bbox 420 1219 1551 1305; baseline 0 -22"><span class='ocrx_word' id='word_1_37' title='bbox 420 1241 542 1305; x_wconf 86' lang='lat' dir='ltr'><strong>eeopus</strong></span> <span class='ocrx_word' id='word_1_38' title='bbox 566 1220 798 1285; x_wconf 84' lang='lat' dir='ltr'><strong>denominetur</strong></span> <span class='ocrx_word' id='word_1_39' title='bbox 821 1232 854 1283; x_wconf 89' lang='lat' dir='ltr'><strong>et</strong></span> <span class='ocrx_word' id='word_1_40' title='bbox 877 1219 1074 1285; x_wconf 76' lang='lat' dir='ltr'><strong>installetur.</strong></span> <span class='ocrx_word' id='word_1_41' title='bbox 1121 1219 1192 1304; x_wconf 83' lang='lat' dir='ltr'><strong>Ego</strong></span> <span class='ocrx_word' id='word_1_42' title='bbox 1216 1219 1305 1305; x_wconf 92' lang='lat' dir='ltr'><strong>quod</strong></span> <span class='ocrx_word' id='word_1_43' title='bbox 1327 1241 1476 1283; x_wconf 87' lang='lat' dir='ltr'><strong>mearum</strong></span> <span class='ocrx_word' id='word_1_44' title='bbox 1501 1230 1551 1283; x_wconf 90' lang='lat' dir='ltr'><strong>est</strong></span> 
     </span>
     <span class='ocr_line' id='line_1_7' title="bbox 423 1325 1550 1412; baseline 0.001 -23"><span class='ocrx_word' id='word_1_45' title='bbox 423 1328 567 1411; x_wconf 87' lang='lat' dir='ltr'><strong>partium</strong></span> <span class='ocrx_word' id='word_1_46' title='bbox 600 1347 701 1390; x_wconf 89' lang='lat' dir='ltr'><strong>eonor</strong></span> <span class='ocrx_word' id='word_1_47' title='bbox 724 1327 832 1390; x_wconf 84' lang='lat' dir='ltr'><strong>faeere</strong></span> <span class='ocrx_word' id='word_1_48' title='bbox 863 1328 940 1409; x_wconf 89' lang='lat' dir='ltr'><strong>(etsi</strong></span> <span class='ocrx_word' id='word_1_49' title='bbox 965 1348 1024 1411; x_wconf 90' lang='lat' dir='ltr'><strong>per</strong></span> <span class='ocrx_word' id='word_1_50' title='bbox 1048 1326 1107 1390; x_wconf 89' lang='lat' dir='ltr'><strong>hos</strong></span> <span class='ocrx_word' id='word_1_51' title='bbox 1131 1326 1290 1390; x_wconf 81' lang='lat' dir='ltr'><strong>tredecim</strong></span> <span class='ocrx_word' id='word_1_52' title='bbox 1314 1325 1450 1410; x_wconf 87' lang='lat' dir='ltr'><strong>annos¹)</strong></span> <span class='ocrx_word' id='word_1_53' title='bbox 1477 1326 1550 1412; x_wconf 84' lang='lat' dir='ltr'><strong>jam</strong></span> 
     </span>
     <span class='ocr_line' id='line_1_8' title="bbox 422 1431 1549 1520; baseline 0.001 -24"><span class='ocrx_word' id='word_1_54' title='bbox 422 1432 554 1497; x_wconf 81' lang='lat' dir='ltr'><strong>deliciis</strong></span> <span class='ocrx_word' id='word_1_55' title='bbox 578 1433 769 1498; x_wconf 85' lang='lat' dir='ltr'><strong>Valaehieis</strong></span> <span class='ocrx_word' id='word_1_56' title='bbox 800 1433 933 1498; x_wconf 86' lang='lat' dir='ltr'><strong>abunde</strong></span> <span class='ocrx_word' id='word_1_57' title='bbox 963 1437 1025 1499; x_wconf 87' lang='lat' dir='ltr'><strong>sim</strong></span> <span class='ocrx_word' id='word_1_58' title='bbox 1056 1435 1179 1520; x_wconf 87' lang='lat' dir='ltr'><strong>satur),</strong></span> <span class='ocrx_word' id='word_1_59' title='bbox 1215 1444 1251 1497; x_wconf 90' lang='lat' dir='ltr'><strong>ut</strong></span> <span class='ocrx_word' id='word_1_60' title='bbox 1274 1436 1366 1512; x_wconf 89' lang='lat' dir='ltr'><strong>Deo,</strong></span> <span class='ocrx_word' id='word_1_61' title='bbox 1403 1431 1549 1517; x_wconf 81' lang='lat' dir='ltr'><strong>Caesari,</strong></span> 
     </span>
     <span class='ocr_line' id='line_1_9' title="bbox 424 1539 1549 1627; baseline 0 -24"><span class='ocrx_word' id='word_1_62' title='bbox 424 1540 636 1604; x_wconf 84' lang='lat' dir='ltr'><strong>Eminentiae</strong></span> <span class='ocrx_word' id='word_1_63' title='bbox 659 1541 797 1605; x_wconf 84' lang='lat' dir='ltr'><strong>Vestrae</strong></span> <span class='ocrx_word' id='word_1_64' title='bbox 829 1564 868 1604; x_wconf 90' lang='lat' dir='ltr'><strong>ae</strong></span> <span class='ocrx_word' id='word_1_65' title='bbox 894 1541 1056 1626; x_wconf 80' lang='lat' dir='ltr'><strong>Religioni</strong></span> <span class='ocrx_word' id='word_1_66' title='bbox 1090 1563 1181 1605; x_wconf 89' lang='lat' dir='ltr'><strong>meae</strong></span> <span class='ocrx_word' id='word_1_67' title='bbox 1215 1539 1347 1604; x_wconf 89' lang='lat' dir='ltr'><strong>fidelem</strong></span> <span class='ocrx_word' id='word_1_68' title='bbox 1378 1540 1549 1627; x_wconf 87' lang='lat' dir='ltr'><strong>usquead</strong></span> 
     </span>
     <span class='ocr_line' id='line_1_10' title="bbox 422 1645 1553 1733; baseline 0.001 -23"><span class='ocrx_word' id='word_1_69' title='bbox 422 1658 611 1711; x_wconf 83' lang='lat' dir='ltr'><strong>extremum</strong></span> <span class='ocrx_word' id='word_1_70' title='bbox 635 1647 812 1712; x_wconf 76' lang='lat' dir='ltr'><strong>exhibeant</strong></span> <span class='ocrx_word' id='word_1_71' title='bbox 837 1670 982 1733; x_wconf 88' lang='lat' dir='ltr'><strong>operam.</strong></span> <span class='ocrx_word' id='word_1_72' title='bbox 1031 1645 1234 1711; x_wconf 86' lang='lat' dir='ltr'><strong>Commendo</strong></span> <span class='ocrx_word' id='word_1_73' title='bbox 1259 1647 1472 1711; x_wconf 84' lang='lat' dir='ltr'><strong>Eminentiae</strong></span> <span class='ocrx_word' id='word_1_74' title='bbox 1489 1648 1553 1711; x_wconf 90' lang='lat' dir='ltr'><strong>Ve-</strong></span> 
     </span>
     <span class='ocr_line' id='line_1_11' title="bbox 423 1753 1554 1840; baseline 0.001 -23"><span class='ocrx_word' id='word_1_75' title='bbox 423 1765 511 1818; x_wconf 82' lang='lat' dir='ltr'><strong>strae</strong></span> <span class='ocrx_word' id='word_1_76' title='bbox 536 1765 672 1840; x_wconf 88' lang='lat' dir='ltr'><strong>psterno</strong></span> <span class='ocrx_word' id='word_1_77' title='bbox 696 1757 846 1835; x_wconf 82' lang='lat' dir='ltr'><strong>affectui,</strong></span> <span class='ocrx_word' id='word_1_78' title='bbox 870 1757 996 1838; x_wconf 84' lang='lat' dir='ltr'><strong>gratiae</strong></span> <span class='ocrx_word' id='word_1_79' title='bbox 1021 1767 1053 1818; x_wconf 88' lang='lat' dir='ltr'><strong>et</strong></span> <span class='ocrx_word' id='word_1_80' title='bbox 1076 1755 1193 1834; x_wconf 85' lang='lat' dir='ltr'><strong>favori,</strong></span> <span class='ocrx_word' id='word_1_81' title='bbox 1219 1753 1371 1818; x_wconf 89' lang='lat' dir='ltr'><strong>deferens</strong></span> <span class='ocrx_word' id='word_1_82' title='bbox 1396 1775 1470 1818; x_wconf 87' lang='lat' dir='ltr'><strong>mea</strong></span> <span class='ocrx_word' id='word_1_83' title='bbox 1494 1754 1554 1818; x_wconf 89' lang='lat' dir='ltr'><strong>hu-</strong></span> 
     </span>
     <span class='ocr_line' id='line_1_12' title="bbox 425 1861 758 1948; baseline -0.003 -22"><span class='ocrx_word' id='word_1_84' title='bbox 425 1861 566 1926; x_wconf 87' lang='lat' dir='ltr'><strong>millima</strong></span> <span class='ocrx_word' id='word_1_85' title='bbox 590 1861 758 1948; x_wconf 88' lang='lat' dir='ltr'><strong>obsequia,</strong></span> 
     </span>
    </p>
   </div>
   <div class='ocr_carea' id='block_1_3' title="bbox 517 1985 1059 2175">
    <p class='ocr_par' dir='ltr' id='par_1_3' title="bbox 517 1985 1059 2175">
     <span class='ocr_line' id='line_1_13' title="bbox 517 1985 1059 2052; baseline 0 -2"><span class='ocrx_word' id='word_1_86' title='bbox 517 1985 748 2051; x_wconf 79' lang='lat' dir='ltr'><strong>Albae-duliae</strong></span> <span class='ocrx_word' id='word_1_87' title='bbox 775 1986 825 2050; x_wconf 91' lang='lat'><strong>10.</strong></span> <span class='ocrx_word' id='word_1_88' title='bbox 852 1986 936 2052; x_wconf 83' lang='lat' dir='ltr'><strong>Nov.</strong></span> <span class='ocrx_word' id='word_1_89' title='bbox 965 1987 1059 2050; x_wconf 75' lang='lat'>1713.</span> 
     </span>
     <span class='ocr_line' id='line_1_14' title="bbox 588 2110 963 2175; baseline -0.003 -1"><span class='ocrx_word' id='word_1_90' title='bbox 588 2111 799 2175; x_wconf 83' lang='lat' dir='ltr'><strong>Eminentiae</strong></span> <span class='ocrx_word' id='word_1_91' title='bbox 825 2110 963 2174; x_wconf 82' lang='lat' dir='ltr'><strong>Vestrae</strong></span> 
     </span>
    </p>
   </div>
   <div class='ocr_carea' id='block_1_4' title="bbox 674 2232 1510 2319">
    <p class='ocr_par' dir='ltr' id='par_1_4' title="bbox 674 2232 1510 2319">
     <span class='ocr_line' id='line_1_15' title="bbox 674 2232 1510 2319; baseline -0.001 -20"><span class='ocrx_word' id='word_1_92' title='bbox 674 2258 790 2299; x_wconf 85' lang='lat' dir='ltr'><strong>servus</strong></span> <span class='ocrx_word' id='word_1_93' title='bbox 815 2238 848 2300; x_wconf 93' lang='lat' dir='ltr'><strong>in</strong></span> <span class='ocrx_word' id='word_1_94' title='bbox 873 2235 1005 2300; x_wconf 81' lang='lat' dir='ltr'><strong>Christo</strong></span> <span class='ocrx_word' id='word_1_95' title='bbox 1029 2246 1062 2298; x_wconf 91' lang='lat' dir='ltr'><strong>et</strong></span> <span class='ocrx_word' id='word_1_96' title='bbox 1086 2234 1276 2319; x_wconf 86' lang='lat' dir='ltr'><strong>capellanus</strong></span> <span class='ocrx_word' id='word_1_97' title='bbox 1301 2232 1510 2298; x_wconf 90' lang='lat' dir='ltr'><strong>humillimus</strong></span> 
     </span>
    </p>
   </div>
   <div class='ocr_carea' id='block_1_5' title="bbox 697 2357 1486 2550">
    <p class='ocr_par' dir='ltr' id='par_1_5' title="bbox 697 2357 1486 2550">
     <span class='ocr_line' id='line_1_16' title="bbox 697 2357 1486 2443; baseline 0.001 -19"><span class='ocrx_word' id='word_1_98' title='bbox 697 2360 814 2424; x_wconf 87' lang='lat' dir='ltr'><strong>Pater</strong></span> <span class='ocrx_word' id='word_1_99' title='bbox 840 2360 1077 2423; x_wconf 82' lang='lat' dir='ltr'><strong>Franciseus</strong></span> <span class='ocrx_word' id='word_1_100' title='bbox 1100 2357 1311 2443; x_wconf 85' lang='lat' dir='ltr'><strong>Szunyoglr</strong></span> <span class='ocrx_word' id='word_1_101' title='bbox 1336 2380 1354 2421; x_wconf 92' lang='lat' dir='ltr'><strong>e</strong></span> <span class='ocrx_word' id='word_1_102' title='bbox 1378 2357 1411 2422; x_wconf 77' lang='lat' dir='ltr'><strong>S.</strong></span> <span class='ocrx_word' id='word_1_103' title='bbox 1437 2359 1486 2440; x_wconf 81' lang='lat' dir='ltr'><strong>J.,</strong></span> 
     </span>
     <span class='ocr_line' id='line_1_17' title="bbox 780 2466 1410 2550; baseline -0.002 -21"><span class='ocrx_word' id='word_1_104' title='bbox 780 2466 992 2530; x_wconf 87' lang='lat' dir='ltr'><strong>Residentiae</strong></span> <span class='ocrx_word' id='word_1_105' title='bbox 1017 2466 1173 2530; x_wconf 89' lang='lat' dir='ltr'><strong>Albensis</strong></span> <span class='ocrx_word' id='word_1_106' title='bbox 1197 2466 1355 2550; x_wconf 83' lang='lat' dir='ltr'><strong>Superior</strong></span> <span class='ocrx_word' id='word_1_107' title='bbox 1377 2477 1410 2529; x_wconf 90' lang='lat' dir='ltr'><strong>et</strong></span> 
     </span>
    </p>
   </div>
   <div class='ocr_carea' id='block_1_6' title="bbox 473 2572 1328 2660">
    <p class='ocr_par' dir='ltr' id='par_1_6' title="bbox 473 2572 1328 2660">
     <span class='ocr_line' id='line_1_18' title="bbox 473 2572 1328 2660; baseline 0 -22"><span class='ocrx_word' id='word_1_108' title='bbox 473 2573 529 2660; x_wconf 84' lang='lat' dir='ltr'><strong>(A.</strong></span> <span class='ocrx_word' id='word_1_109' title='bbox 556 2575 609 2639; x_wconf 92' lang='lat' dir='ltr'><strong>Pr.</strong></span> <span class='ocrx_word' id='word_1_110' title='bbox 634 2573 696 2660; x_wconf 84' lang='lat' dir='ltr'><strong>St.)</strong></span> <span class='ocrx_word' id='word_1_111' title='bbox 882 2572 1106 2638; x_wconf 84' lang='lat' dir='ltr'><strong>Valaelrorum</strong></span> <span class='ocrx_word' id='word_1_112' title='bbox 1130 2572 1328 2657; x_wconf 83' lang='lat' dir='ltr'><strong>Tlreologus.</strong></span> 
     </span>
    </p>
   </div>
   <div class='ocr_carea' id='block_1_7' title="bbox 472 2833 1510 3114">
    <p class='ocr_par' dir='ltr' id='par_1_7' title="bbox 472 2833 1510 3114">
     <span class='ocr_line' id='line_1_19' title="bbox 977 2833 1005 2884; baseline 0.071 -2"><span class='ocrx_word' id='word_1_113' title='bbox 977 2833 1005 2884; x_wconf 63' lang='grc' dir='ltr'><strong>ι’.</strong></span> 
     </span>
     <span class='ocr_line' id='line_1_20' title="bbox 472 2939 1510 3024; baseline -0.002 -18"><span class='ocrx_word' id='word_1_114' title='bbox 472 2940 643 3007; x_wconf 76' lang='lat' dir='ltr'><strong>literae.</strong></span> <span class='ocrx_word' id='word_1_115' title='bbox 668 2941 912 3008; x_wconf 77' lang='lat' dir='ltr'><strong>Cardinalis</strong></span> <span class='ocrx_word' id='word_1_116' title='bbox 940 2940 1141 3007; x_wconf 84' lang='lat' dir='ltr'><strong>l’rimatis</strong></span> <span class='ocrx_word' id='word_1_117' title='bbox 1170 2939 1218 3006; x_wconf 83' lang='lat' dir='ltr'><strong>ad</strong></span> <span class='ocrx_word' id='word_1_118' title='bbox 1244 2943 1510 3024; x_wconf 87' lang='lat' dir='ltr'><strong>protopopas</strong></span> 
     </span>
     <span class='ocr_line' id='line_1_21' title="bbox 880 3048 1103 3114; baseline 0.004 -2"><span class='ocrx_word' id='word_1_119' title='bbox 880 3048 1103 3114; x_wconf 75' lang='lat' dir='ltr'><strong>electores</strong></span> 
     </span>
    </p>
   </div>
   <div class='ocr_carea' id='block_1_8' title="bbox 644 3206 1226 3272">
    <p class='ocr_par' dir='ltr' id='par_1_8' title="bbox 644 3206 1226 3272">
     <span class='ocr_line' id='line_1_22' title="bbox 644 3206 1226 3272; baseline -0.007 -1"><span class='ocrx_word' id='word_1_120' title='bbox 644 3207 834 3272; x_wconf 77' lang='lat' dir='ltr'><strong>Admodum</strong></span> <span class='ocrx_word' id='word_1_121' title='bbox 862 3207 1047 3271; x_wconf 85' lang='lat' dir='ltr'><strong>lteverendi</strong></span> <span class='ocrx_word' id='word_1_122' title='bbox 1073 3206 1226 3270; x_wconf 86' lang='lat' dir='ltr'><strong>llomini!</strong></span> 
     </span>
    </p>
   </div>
   <div class='ocr_carea' id='block_1_9' title="bbox 429 3338 1561 4282">
    <p class='ocr_par' dir='ltr' id='par_1_9' title="bbox 429 3338 1561 4282">
     <span class='ocr_line' id='line_1_23' title="bbox 520 3338 1559 3423; baseline -0.006 -19"><span class='ocrx_word' id='word_1_123' title='bbox 520 3341 624 3404; x_wconf 82' lang='lat' dir='ltr'><strong>Datus</strong></span> <span class='ocrx_word' id='word_1_124' title='bbox 655 3341 697 3404; x_wconf 89' lang='lat' dir='ltr'><strong>ad</strong></span> <span class='ocrx_word' id='word_1_125' title='bbox 731 3341 796 3404; x_wconf 87' lang='lat' dir='ltr'><strong>Nos</strong></span> <span class='ocrx_word' id='word_1_126' title='bbox 822 3340 1068 3406; x_wconf 77' lang='lat' dir='ltr'><strong>Albae-duliae</strong></span> <span class='ocrx_word' id='word_1_127' title='bbox 1098 3343 1128 3403; x_wconf 80' lang='lat'><strong>9.</strong></span> <span class='ocrx_word' id='word_1_128' title='bbox 1162 3338 1265 3423; x_wconf 84' lang='lat' dir='ltr'><strong>elapsi</strong></span> <span class='ocrx_word' id='word_1_129' title='bbox 1297 3359 1402 3423; x_wconf 88' lang='lat' dir='ltr'><strong>nuper</strong></span> <span class='ocrx_word' id='word_1_130' title='bbox 1435 3338 1559 3399; x_wconf 89' lang='lat' dir='ltr'><strong>mensis</strong></span> 
     </span>
     <span class='ocr_line' id='line_1_24' title="bbox 429 3446 1558 3529; baseline -0.004 -19"><span class='ocrx_word' id='word_1_131' title='bbox 429 3446 631 3511; x_wconf 88' lang='lat' dir='ltr'><strong>Novembris</strong></span> <span class='ocrx_word' id='word_1_132' title='bbox 656 3449 931 3511; x_wconf 90' lang='lat' dir='ltr'><strong>Dominationum</strong></span> <span class='ocrx_word' id='word_1_133' title='bbox 958 3448 1149 3511; x_wconf 84' lang='lat' dir='ltr'><strong>Vestrnrum</strong></span> <span class='ocrx_word' id='word_1_134' title='bbox 1181 3446 1293 3510; x_wconf 79' lang='lat' dir='ltr'><strong>literas</strong></span> <span class='ocrx_word' id='word_1_135' title='bbox 1317 3465 1371 3524; x_wconf 86' lang='lat' dir='ltr'><strong>eo,</strong></span> <span class='ocrx_word' id='word_1_136' title='bbox 1407 3465 1471 3529; x_wconf 93' lang='lat' dir='ltr'><strong>quo</strong></span> <span class='ocrx_word' id='word_1_137' title='bbox 1497 3465 1558 3528; x_wconf 90' lang='lat' dir='ltr'><strong>par</strong></span> 
     </span>
     <span class='ocr_line' id='line_1_25' title="bbox 429 3551 1557 3639; baseline -0.004 -22"><span class='ocrx_word' id='word_1_138' title='bbox 429 3565 489 3634; x_wconf 85' lang='lat' dir='ltr'><strong>est,</strong></span> <span class='ocrx_word' id='word_1_139' title='bbox 514 3565 651 3639; x_wconf 91' lang='lat' dir='ltr'><strong>paterno</strong></span> <span class='ocrx_word' id='word_1_140' title='bbox 676 3577 753 3637; x_wconf 71' lang='lat' dir='ltr'><strong>erga</strong></span> <span class='ocrx_word' id='word_1_141' title='bbox 779 3554 920 3618; x_wconf 78' lang='lat' dir='ltr'><strong>Easdem</strong></span> <span class='ocrx_word' id='word_1_142' title='bbox 946 3557 1066 3617; x_wconf 81' lang='lat' dir='ltr'><strong>allecta</strong></span> <span class='ocrx_word' id='word_1_143' title='bbox 1091 3553 1176 3617; x_wconf 88' lang='lat' dir='ltr'><strong>bene</strong></span> <span class='ocrx_word' id='word_1_144' title='bbox 1200 3553 1405 3636; x_wconf 75' lang='lat' dir='ltr'><strong>accepimus,</strong></span> <span class='ocrx_word' id='word_1_145' title='bbox 1437 3572 1478 3613; x_wconf 88' lang='lat' dir='ltr'><strong>ex</strong></span> <span class='ocrx_word' id='word_1_146' title='bbox 1505 3551 1557 3613; x_wconf 92' lang='lat' dir='ltr'><strong>iis·</strong></span> 
     </span>
     <span class='ocr_line' id='line_1_26' title="bbox 430 3655 1557 3747; baseline -0.003 -25"><span class='ocrx_word' id='word_1_147' title='bbox 430 3658 505 3723; x_wconf 88' lang='lat' dir='ltr'><strong>dem</strong></span> <span class='ocrx_word' id='word_1_148' title='bbox 523 3660 753 3746; x_wconf 79' lang='lat' dir='ltr'><strong>intelligentes,</strong></span> <span class='ocrx_word' id='word_1_149' title='bbox 775 3660 918 3747; x_wconf 86' lang='lat' dir='ltr'><strong>qualiter</strong></span> <span class='ocrx_word' id='word_1_150' title='bbox 934 3660 1034 3724; x_wconf 78' lang='lat' dir='ltr'><strong>Adm.</strong></span> <span class='ocrx_word' id='word_1_151' title='bbox 1052 3660 1130 3725; x_wconf 75' lang='lat' dir='ltr'><strong>liae.</strong></span> <span class='ocrx_word' id='word_1_152' title='bbox 1142 3660 1396 3723; x_wconf 89' lang='lat' dir='ltr'><strong>Dominationes</strong></span> <span class='ocrx_word' id='word_1_153' title='bbox 1407 3655 1557 3730; x_wconf 85' lang='lat' dir='ltr'><strong>Vestrae,</strong></span> 
     </span>
     <span class='ocr_line' id='line_1_27' title="bbox 432 3767 1557 3853; baseline -0.004 -24"><span class='ocrx_word' id='word_1_154' title='bbox 432 3768 621 3830; x_wconf 89' lang='lat' dir='ltr'><strong>universam</strong></span> <span class='ocrx_word' id='word_1_155' title='bbox 655 3767 828 3852; x_wconf 80' lang='lat' dir='ltr'><strong>Synodum</strong></span> <span class='ocrx_word' id='word_1_156' title='bbox 864 3777 1165 3853; x_wconf 74' lang='lat' dir='ltr'><strong>repraesentantes,</strong></span> <span class='ocrx_word' id='word_1_157' title='bbox 1203 3767 1353 3828; x_wconf 90' lang='lat' dir='ltr'><strong>unanimi</strong></span> <span class='ocrx_word' id='word_1_158' title='bbox 1386 3774 1462 3827; x_wconf 87' lang='lat' dir='ltr'><strong>voto</strong></span> <span class='ocrx_word' id='word_1_159' title='bbox 1499 3783 1557 3847; x_wconf 91' lang='lat' dir='ltr'><strong>pro</strong></span> 
     </span>
     <span class='ocr_line' id='line_1_28' title="bbox 431 3870 1558 3960; baseline -0.005 -24"><span class='ocrx_word' id='word_1_160' title='bbox 431 3895 619 3938; x_wconf 80' lang='lat' dir='ltr'><strong>successore</strong></span> <span class='ocrx_word' id='word_1_161' title='bbox 644 3878 693 3938; x_wconf 87' lang='lat' dir='ltr'><strong>sui</strong></span> <span class='ocrx_word' id='word_1_162' title='bbox 727 3875 895 3960; x_wconf 89' lang='lat' dir='ltr'><strong>quondam</strong></span> <span class='ocrx_word' id='word_1_163' title='bbox 920 3875 1065 3959; x_wconf 87' lang='lat' dir='ltr'><strong>supremi</strong></span> <span class='ocrx_word' id='word_1_164' title='bbox 1091 3872 1256 3936; x_wconf 79' lang='lat' dir='ltr'><strong>l’raesulis</strong></span> <span class='ocrx_word' id='word_1_165' title='bbox 1281 3871 1456 3935; x_wconf 82' lang='lat' dir='ltr'><strong>Athanasii</strong></span> <span class='ocrx_word' id='word_1_166' title='bbox 1488 3870 1558 3954; x_wconf 68' lang='lat' dir='ltr'><strong>(eui</strong></span> 
     </span>
     <span class='ocr_line' id='line_1_29' title="bbox 432 3974 1558 4068; baseline -0.004 -25"><span class='ocrx_word' id='word_1_167' title='bbox 432 3981 526 4044; x_wconf 89' lang='lat' dir='ltr'><strong>Deus</strong></span> <span class='ocrx_word' id='word_1_168' title='bbox 565 3992 732 4045; x_wconf 91' lang='lat' dir='ltr'><strong>aeternam</strong></span> <span class='ocrx_word' id='word_1_169' title='bbox 766 3984 912 4068; x_wconf 91' lang='lat' dir='ltr'><strong>requiem</strong></span> <span class='ocrx_word' id='word_1_170' title='bbox 954 3981 1077 4044; x_wconf 90' lang='lat' dir='ltr'><strong>donare</strong></span> <span class='ocrx_word' id='word_1_171' title='bbox 1110 3979 1203 4060; x_wconf 87' lang='lat' dir='ltr'><strong>velit)</strong></span> <span class='ocrx_word' id='word_1_172' title='bbox 1243 3979 1286 4042; x_wconf 89' lang='lat' dir='ltr'><strong>D.</strong></span> <span class='ocrx_word' id='word_1_173' title='bbox 1319 3974 1558 4041; x_wconf 83' lang='lat' dir='ltr'><strong>Weneeslaum</strong></span> 
     </span>
     <span class='ocr_line' id='line_1_30' title="bbox 433 4085 1559 4170; baseline -0.005 -20"><span class='ocrx_word' id='word_1_174' title='bbox 433 4087 556 4151; x_wconf 81' lang='lat' dir='ltr'><strong>Frantz</strong></span> <span class='ocrx_word' id='word_1_175' title='bbox 581 4087 737 4152; x_wconf 85' lang='lat' dir='ltr'><strong>defuneto</strong></span> <span class='ocrx_word' id='word_1_176' title='bbox 762 4089 838 4152; x_wconf 92' lang='lat' dir='ltr'><strong>olim</strong></span> <span class='ocrx_word' id='word_1_177' title='bbox 864 4113 884 4151; x_wconf 89' lang='lat' dir='ltr'><strong>a</strong></span> <span class='ocrx_word' id='word_1_178' title='bbox 908 4090 1042 4151; x_wconf 81' lang='lat' dir='ltr'><strong>seeretis</strong></span> <span class='ocrx_word' id='word_1_179' title='bbox 1067 4089 1281 4165; x_wconf 82' lang='lat' dir='ltr'><strong>existentem,</strong></span> <span class='ocrx_word' id='word_1_180' title='bbox 1312 4097 1424 4170; x_wconf 81' lang='lat' dir='ltr'><strong>utpote</strong></span> <span class='ocrx_word' id='word_1_181' title='bbox 1449 4085 1559 4168; x_wconf 77' lang='lat' dir='ltr'><strong>singu·</strong></span> 
     </span>
     <span class='ocr_line' id='line_1_31' title="bbox 432 4189 1561 4282; baseline -0.004 -24"><span class='ocrx_word' id='word_1_182' title='bbox 432 4191 558 4258; x_wconf 84' lang='lat' dir='ltr'><strong>laribus</strong></span> <span class='ocrx_word' id='word_1_183' title='bbox 589 4195 721 4259; x_wconf 86' lang='lat' dir='ltr'><strong>dotibus</strong></span> <span class='ocrx_word' id='word_1_184' title='bbox 751 4211 784 4259; x_wconf 86' lang='lat' dir='ltr'><strong>et</strong></span> <span class='ocrx_word' id='word_1_185' title='bbox 815 4197 981 4282; x_wconf 85' lang='lat' dir='ltr'><strong>requisitis</strong></span> <span class='ocrx_word' id='word_1_186' title='bbox 1016 4194 1077 4258; x_wconf 83' lang='lat' dir='ltr'><strong>lroe</strong></span> <span class='ocrx_word' id='word_1_187' title='bbox 1103 4216 1238 4257; x_wconf 87' lang='lat' dir='ltr'><strong>munero</strong></span> <span class='ocrx_word' id='word_1_188' title='bbox 1269 4191 1423 4278; x_wconf 86' lang='lat' dir='ltr'><strong>pastorali</strong></span> <span class='ocrx_word' id='word_1_189' title='bbox 1456 4189 1561 4276; x_wconf 85' lang='lat' dir='ltr'><strong>quali-</strong></span> 
     </span>
    </p>
   </div>
   <div class='ocr_carea' id='block_1_10' title="bbox 467 4439 1562 4724">
    <p class='ocr_par' dir='ltr' id='par_1_10' title="bbox 467 4439 1562 4724">
     <span class='ocr_line' id='line_1_32' title="bbox 467 4439 1561 4509; baseline -0.01 -13"><span class='ocrx_word' id='word_1_190' title='bbox 467 4443 487 4506; x_wconf 89' lang='lat'><strong>¹)</strong></span> <span class='ocrx_word' id='word_1_191' title='bbox 509 4449 540 4502; x_wconf 83' lang='lat' dir='ltr'><strong>P.</strong></span> <span class='ocrx_word' id='word_1_192' title='bbox 560 4448 725 4503; x_wconf 82' lang='lat' dir='ltr'><strong>Franciscus,</strong></span> <span class='ocrx_word' id='word_1_193' title='bbox 745 4447 789 4509; x_wconf 90' lang='lat' dir='ltr'><strong>qui</strong></span> <span class='ocrx_word' id='word_1_194' title='bbox 810 4445 942 4494; x_wconf 87' lang='lat' dir='ltr'><strong>desiderio</strong></span> <span class='ocrx_word' id='word_1_195' title='bbox 963 4443 1098 4491; x_wconf 81' lang='lat' dir='ltr'><strong>Valaclros</strong></span> <span class='ocrx_word' id='word_1_196' title='bbox 1117 4459 1165 4506; x_wconf 93' lang='lat' dir='ltr'><strong>pro</strong></span> <span class='ocrx_word' id='word_1_197' title='bbox 1186 4442 1285 4490; x_wconf 83' lang='lat' dir='ltr'><strong>viribus</strong></span> <span class='ocrx_word' id='word_1_198' title='bbox 1302 4439 1420 4503; x_wconf 82' lang='lat' dir='ltr'><strong>juvandi.</strong></span> <span class='ocrx_word' id='word_1_199' title='bbox 1440 4439 1561 4502; x_wconf 83' lang='lat' dir='ltr'><strong>ipsorum</strong></span> 
     </span>
     <span class='ocr_line' id='line_1_33' title="bbox 505 4509 1561 4582; baseline -0.011 -14"><span class='ocrx_word' id='word_1_200' title='bbox 505 4520 623 4582; x_wconf 81' lang='lat' dir='ltr'><strong>linguam</strong></span> <span class='ocrx_word' id='word_1_201' title='bbox 643 4533 690 4566; x_wconf 81' lang='lat' dir='ltr'><strong>auo</strong></span> <span class='ocrx_word' id='word_1_202' title='bbox 709 4519 797 4566; x_wconf 82' lang='lat' dir='ltr'><strong>studio</strong></span> <span class='ocrx_word' id='word_1_203' title='bbox 817 4515 952 4581; x_wconf 85' lang='lat' dir='ltr'><strong>praeclare</strong></span> <span class='ocrx_word' id='word_1_204' title='bbox 971 4514 1145 4570; x_wconf 86' lang='lat' dir='ltr'><strong>addidicerat,</strong></span> <span class='ocrx_word' id='word_1_205' title='bbox 1163 4514 1217 4576; x_wconf 87' lang='lat' dir='ltr'><strong>jam</strong></span> <span class='ocrx_word' id='word_1_206' title='bbox 1237 4513 1282 4560; x_wconf 91' lang='lat' dir='ltr'><strong>diu</strong></span> <span class='ocrx_word' id='word_1_207' title='bbox 1302 4521 1362 4560; x_wconf 85' lang='lat' dir='ltr'><strong>ante</strong></span> <span class='ocrx_word' id='word_1_208' title='bbox 1375 4511 1469 4560; x_wconf 87' lang='lat' dir='ltr'><strong>initum</strong></span> <span class='ocrx_word' id='word_1_209' title='bbox 1483 4509 1561 4558; x_wconf 88' lang='lat' dir='ltr'><strong>theo-</strong></span> 
     </span>
     <span class='ocr_line' id='line_1_34' title="bbox 505 4581 1562 4654; baseline -0.011 -15"><span class='ocrx_word' id='word_1_210' title='bbox 505 4591 560 4654; x_wconf 82' lang='lat' dir='ltr'><strong>logi</strong></span> <span class='ocrx_word' id='word_1_211' title='bbox 587 4605 680 4638; x_wconf 89' lang='lat' dir='ltr'><strong>munus</strong></span> <span class='ocrx_word' id='word_1_212' title='bbox 705 4590 797 4637; x_wconf 79' lang='lat' dir='ltr'><strong>iisdem</strong></span> <span class='ocrx_word' id='word_1_213' title='bbox 825 4587 984 4636; x_wconf 84' lang='lat' dir='ltr'><strong>instruendis</strong></span> <span class='ocrx_word' id='word_1_214' title='bbox 1010 4593 1089 4649; x_wconf 85' lang='lat' dir='ltr'><strong>atque</strong></span> <span class='ocrx_word' id='word_1_215' title='bbox 1115 4586 1148 4633; x_wconf 87' lang='lat' dir='ltr'><strong>ud</strong></span> <span class='ocrx_word' id='word_1_216' title='bbox 1168 4585 1253 4632; x_wconf 82' lang='lat' dir='ltr'><strong>bonos</strong></span> <span class='ocrx_word' id='word_1_217' title='bbox 1273 4598 1358 4630; x_wconf 81' lang='lat' dir='ltr'><strong>mures</strong></span> <span class='ocrx_word' id='word_1_218' title='bbox 1384 4581 1562 4630; x_wconf 77' lang='lat' dir='ltr'><strong>informandis</strong></span> 
     </span>
     <span class='ocr_line' id='line_1_35' title="bbox 505 4655 1308 4724; baseline -0.009 -13"><span class='ocrx_word' id='word_1_219' title='bbox 505 4671 562 4711; x_wconf 84' lang='lat' dir='ltr'><strong>erat</strong></span> <span class='ocrx_word' id='word_1_220' title='bbox 580 4671 724 4724; x_wconf 82' lang='lat' dir='ltr'><strong>occupatus</strong></span> <span class='ocrx_word' id='word_1_221' title='bbox 744 4658 923 4723; x_wconf 63' lang='lat' dir='ltr'><strong>eleuteropoli,</strong></span> <span class='ocrx_word' id='word_1_222' title='bbox 943 4658 1042 4706; x_wconf 88' lang='lat' dir='ltr'><strong>Cibinii</strong></span> <span class='ocrx_word' id='word_1_223' title='bbox 1061 4665 1088 4705; x_wconf 87' lang='lat' dir='ltr'><strong>et</strong></span> <span class='ocrx_word' id='word_1_224' title='bbox 1107 4655 1308 4720; x_wconf 79' lang='lat' dir='ltr'><strong>Albae-Juliae.</strong></span> 
     </span>
    </p>
   </div>
   <div class='ocr_carea' id='block_1_11' title="bbox 0 0 1883 5617">
    <p class='ocr_par' dir='ltr' id='par_1_11' title="bbox 0 0 1883 5617">
     <span class='ocr_line' id='line_1_36' title="bbox 0 0 1883 5617; baseline 0 0"><span class='ocrx_word' id='word_1_225' title='bbox 0 0 1883 5617; x_wconf 95' lang='lat' dir='ltr'><strong> </strong></span> 
     </span>
    </p>
   </div>
  </div>
 </body>
</html>
