3725 5617
365 636 423 688 604
542 633 572 687 L.
592 634 643 691 Ill.
680 634 720 688 De
737 632 852 688 historia
871 632 1000 687 eccleciae
1020 633 1202 687 Bumcnomm
1221 633 1325 690 unitae.

365 776 499 830 describit
516 783 611 831 auctor
625 777 724 830 Breuis
742 777 877 829 tiatorioc
896 777 1073 844 episcopatus
1093 777 1186 846 praeci
1204 777 1276 828 ritae
1293 776 1513 829 Culleolicorom

370 866 724 936 Meque-Varadiueaaic')
743 866 879 931 praefixae
899 866 1096 918 Scbcnraticmo
1116 866 1280 918 uenerabilis
1294 866 1361 917 cleri
1380 864 1512 930 ejnadem

366 954 502 1008 dioecesis
527 955 676 1015 11117111,
705 969 784 1019 quam
805 954 833 1007 in
852 969 916 1006 usus
936 960 1041 1006 nostros
1067 952 1281 1007 transferendam
1308 970 1355 1021 pm
1382 954 1513 1007 maxima

366 1059 419 1097 aua
446 1044 474 1096 iu
501 1058 548 1097 nos
572 1042 762 1096 benevolentia
781 1043 871 1095 Rmus.
901 1058 933 1094 ac
953 1041 1049 1095 (lmus.
1077 1043 1159 1095 Dnus.
1188 1043 1231 1094 Dr.
1252 1042 1381 1096 Lauranu
1410 1047 1513 1111 Augu-

368 1132 469 1194 stinus,
489 1131 631 1185 canonicus
652 1132 687 1184 bl.
707 1131 738 1183 V.
759 1148 793 1200 gr
821 1132 876 1194 rit,
896 1131 1034 1185 nobiscum
1053 1131 1173 1199 gratiose
1193 1131 1412 1185 communicavit.

442 1221 621 1275 Valachorum
646 1219 690 1273 hic
709 1220 855 1287 Episcopus
880 1218 1008 1272 confundi
1032 1236 1084 1272 non
1111 1220 1189 1272 (lebet
1215 1236 1274 1273 curn
1294 1220 1432 1287 Episcopo
1454 1222 1512 1274 Ra·

368 1310 461 1364 aciano
480 1310 649 1373 Aradineusi,
669 1308 715 1375 qui
735 1310 762 1362 in
781 1308 879 1362 sacello
894 1309 1028 1362 Praesidii
1044 1309 1221 1362 l'ormlinensi
1241 1307 1319 1362 tidem
1338 1309 1512 1364 catholicam

368 1399 507 1467 professus
526 1415 596 1452 anno
618 1399 694 1460 1713,
713 1399 741 1450 vi
755 1398 891 1464 Rescripti
906 1398 1055 1451 Clementis
1069 1398 1122 1452 ΡΙ).
1138 1398 1185 1451 XI.
1205 1398 1229 1450 d.
1249 1398 1420 1465 12111111
1438 1400 1512 1453 1715

368 1504 389 1541 a
407 1488 553 1542 cardinale
577 1487 682 1541 Saxone
707 1487 760 1540 rite
787 1494 829 1540 est
854 1503 870 1539 a
895 1486 1016 1539 censuris
1041 1494 1069 1539 et
1095 1487 1186 1553 poenis
1211 1486 1403 1540 ecclesiasticis
1429 1488 1512 1541 abac·

369 1576 454 1631 lutus.
477 1606 509 1615 -
530 1576 569 1629 De
588 1592 618 1629 co
638 1576 781 1630 Annales
800 1591 888 1629 rnscr.
909 1575 1068 1629 Provinciae
1083 1575 1210 1628 Austriac
1230 1575 1253 1628 S.
1268 1575 1293 1627 ,1.
1313 1574 1380 1627 haec
1401 1574 1511 1629 habent

369 1666 407 1719 ad
434 1683 479 1719 an.
508 1667 592 1719 1720:
629 1665 775 1733 „Magnum
803 1680 906 1729 quoque
935 1664 1059 1717 solatium
1091 1664 1187 1717 attulit
1216 1665 1285 1717 111111
1312 1664 1511 1720 missionarius

369 1762 464 1809 noster
477 1756 553 1808 Rmo.
570 1755 634 1808 Dno.
653 1753 1087 1811 11111111111111111111111,
1107 1752 1248 1806 orientalis
1267 1753 1397 1807 ecclesiae
1410 1756 1510 1822 graeci

370 1842 443 1897 ritus
461 1842 632 1903 Jenovensib
661 1857 689 1897 11
707 1843 868 1896 Aradinensi
899 1841 976 1896 unitb
996 1842 1135 1909 episcopo!
1165 1843 1210 1907 qui
1238 1842 1309 1895 omni
1334 1842 1450 1898 honoris
1479 1854 1511 1898 et

370 1930 576 1986 benevolentiae
595 1931 795 1999 significatione
820 1936 963 1997 exceptum
981 1931 1089 1984 Patrem
1118 1931 1149 1983 111
1169 1931 1318 1997 praecipuis
1339 1930 1402 1985 111111
1424 1949 1510 1999 quac-

370 2020 506 2075 stionibna
524 2020 665 2074 consulens
684 2020 800 2073 omnium
820 2036 979 2072 arcanorum
998 2036 1106 2072 suorum
1126 2020 1260 2073 conscium
1273 2019 1368 2081 voluit,
1390 2020 1510 2087 ejusque

372 2111 402 2163 in
420 2108 559 2179 theologia
577 2110 699 2163 fundatis
718 2109 836 2163 consiliio
855 2108 1006 2175 acquievit,
1033 2126 1132 2177 rnagno
1151 2109 1219 2176 perf·
1232 2125 1277 2163 sus
1295 2110 1413 2177 gaudio,
1435 2113 1509 2177 quod

370 2198 508 2252 bominem
533 2199 642 2252 tandem
661 2206 756 2252 noctus
775 2197 826 2261 sit,
852 2198 895 2251 cui
915 2206 944 2251 et
962 2198 1054 2264 gentis
1073 2215 1138 2251 surae
1156 2198 1304 2266 privilegia
1330 2206 1360 2251 11
1378 2199 1454 2253 ritus
1475 2216 1509 2254 ac

372 2287 487 2343 Unionia
512 2288 721 2354 protectionolco
747 2287 879 2341 confidere
898 2286 990 2353 possit.
1028 2288 1116 2340 blulta
1136 2288 1201 2341 tulit
1227 2287 1270 2340 bic
1289 2287 1435 2355 episcopus
1459 2290 1508 2342 ad·

372 2391 452 2430 versa
471 2392 488 2428 a
506 2377 562 2429 auis
582 2375 726 2429 rebellibus
745 2376 937 2436 schismatico.
957 2375 1065 2429 assidua
1084 2376 1157 2428 inter
1176 2377 1252 2429 vitae
1272 2376 1394 2443 pericula
1415 2386 1445 2430 et
1465 2379 1507 2431 rei

371 2463 517 2518 familiaris
543 2464 674 2531 inopiam,
702 2464 880 2528 11111εοῖ1111,
908 2465 972 2530 quia
996 2465 1090 2518 unitus
1114 2472 1162 2518 est.
1201 2466 1251 2519 Sed
1276 2481 1322 2531 spe
1342 2465 1451 2531 optima
1475 2468 1506 2521 in

371 2553 430 2607 Deo
454 2553 576 2607 habenda
596 2554 741 2616 animatus,
766 2561 795 2607 et
814 2554 888 2607 Emo.
909 2553 976 2607 Dno.
996 2553 1131 2606 Caruinali
1152 2554 1240 2620 Csaky
1266 2570 1297 2606 ac
1316 2554 1412 2607 Ennio.
1434 2557 1504 2609 Duo.

371 2640 502 2696 Generali
528 2642 689 2696 Aradiuensi
715 2642 737 2695 L
764 2643 796 2697 B.
825 2642 857 2696 111
876 2642 949 2695 Kosa
978 2643 1191 2706 commendatus,
1220 2658 1290 2695 nunc
1318 2658 1413 2696 comm
1445 2661 1504 2712 pro·

372 2730 493 2785 tectione
522 2731 658 2799 gaudens,
686 2732 818 2800 respirat,
847 2730 948 2783 illustri
967 2730 1138 2791 documento,
1167 2730 1296 2783 virtutem
1317 2732 1419 2798 premi,
1450 2749 1504 2786 uon

371 2820 488 2889 opprimi
506 2835 591 2888 posce.
622 2820 663 2887 (B.
683 2820 711 2872 Ρ.
737 2819 765 2871 V.
788 2820 895 2885 12162)

406 3035 426 3106 ¹)
447 3037 656 3085 Commentarius
674 3042 781 3099 putatur
799 3043 919 3083 exaratus
940 3051 954 3083 a
974 3037 1031 3100 Jos.
1053 3035 1287 3098 Pupp-Sciligyi.
1308 3042 1370 3082 tunc
1391 3036 1502 3098 quidem

446 3109 603 3158 Consistorii
623 3108 734 3165 notario,
753 3115 846 3171 postea
865 3122 926 3155 vero
948 3108 1081 3170 Episcopo
1104 3106 1404 3168 Magno-Vurndinensi.

404 3184 427 3255 ³)
450 3187 526 3236 Alias
551 3188 629 3236 etiam
656 3195 764 3236 vocatur
783 3188 832 3250 Ep.
853 3188 1066 3251 Jenopolilunus.
1104 3188 1152 3233 Est
1178 3195 1263 3234 autem
1283 3186 1431 3249 Jenopolia
1456 3203 1503 3235 seu

446 3259 586 3324 Jenopolis
606 3255 806 3323 Boros-Jm'b,
826 3259 953 3322 oppidum
973 3258 1000 3306 in
1020 3259 1152 3307 comitatu
1173 3258 1348 3313 Aradinensi,
1368 3257 1503 3307 dioecesis

447 3330 641 3382 Csantdiensis.
