3725 5617
693 616 732 668 lle
751 614 955 668 confirmatione
976 616 1126 669 attitulasti.
1419 617 1471 671 ets

361 760 499 838 ticorum,
525 780 610 843 quae
635 768 713 821 tunc
739 758 846 822 Albae
870 759 1058 840 fervebant,
1085 761 1238 839 comitiis,
1263 760 1320 824 sed
1345 760 1471 824 hiscere

364 868 388 928 in
410 864 643 949 profectionem
668 864 714 928 nil
738 868 842 942 ausis,
879 866 967 950 quod
993 887 1093 929 manu
1128 865 1330 952 consilioque
1355 866 1471 930 Excel-

365 972 520 1035 lentissimi
546 972 809 1035 commendantis
831 972 1010 1035 subnixam
1036 995 1101 1036 non
1119 975 1317 1057 ignorarent.
1355 971 1470 1059 Longo

369 1080 464 1141 itinere
487 1077 629 1142 feliciter
652 1080 801 1142 confecto
827 1079 879 1142 die
905 1078 1079 1142 Februarii
1104 1080 1134 1144 i).
1160 1082 1238 1143 anni
1267 1080 1349 1143 1701
1371 1080 1470 1146 Vien-

370 1208 429 1247 nam
450 1185 624 1248 advenere.
663 1184 819 1249 Habebat
836 1186 1040 1249 Athanasius
1065 1187 1164 1249 etiam
1191 1209 1324 1251 causam
1343 1188 1470 1251 itineris

373 1307 396 1355 ct
421 1294 534 1377 negotii
569 1313 703 1375 scopum
739 1296 958 1377 perscriptum
992 1294 1022 1355 in
1058 1292 1160 1356 literis
1191 1291 1471 1357 Excellentissimi

376 1397 486 1462 Comitis
522 1397 666 1462 llabutin
704 1399 747 1463 ad
782 1400 925 1465 Eurum.'
953 1399 1051 1463 Card.
1087 1423 1105 1461 a
1141 1398 1328 1463 Kollonich.
1383 1399 1470 1463 Eum

377 1509 516 1571 tamenin
541 1515 703 1591 tempore,
734 1519 766 1569 et
790 1529 854 1593 quo
881 1506 963 1570 nihil
989 1517 1117 1569 tantum
1143 1506 1270 1570 Causae
1294 1508 1394 1570 totius
1417 1528 1481 1592 pa·r

378 1628 479 1677 tronum
510 1614 642 1691 lateret,
681 1614 778 1676 Pater
803 1612 940 1677 Carolus
971 1612 1138 1698 pluribus,
1176 1624 1210 1675 ut
1241 1615 1274 1676 in
1305 1614 1471 1678 mandatis

379 1740 479 1805 quoque
510 1730 701 1805 acceperat,
738 1719 945 1783 edocendum
988 1721 1126 1804 putavit.
1182 1719 1341 1798 Quaesito
1375 1722 1470 1805 proin

379 1827 507 1913 principis
531 1826 667 1909 benigni
687 1827 800 1904 atlatu,
825 1836 901 1890 ante
926 1828 1037 1890 omnia
1062 1826 1140 1911 quid
1164 1826 1204 1890 dc
1220 1826 1472 1912 gravaminibus

379 1938 494 2019 apopis
527 1943 642 1997 contra
676 1932 896 1995 Athanasium
932 1934 1106 2017 propositis
1140 1933 1340 1996 llissionarii
1372 1931 1472 1997 Alba-

380 2034 512 2104 ·lulienses
553 2051 741 2114 censerent,
778 2042 924 2124 aperuit;
962 2040 1083 2103 deinde
1120 2040 1191 2103 fuse
1231 2039 1471 2125 diligenterque

380 2163 474 2212 errores
496 2158 529 2211 et
551 2169 656 2211 noxas
672 2144 895 2209 Valachorum
921 2145 1080 2209 ecelesiae
1105 2146 1362 2209 eonsuetudines
1382 2147 1472 2209 inve·

381 2257 487 2336 tentas,
519 2253 797 2317 heterodoxorum
823 2252 1012 2331 molimina,
1047 2251 1251 2315 calamitates
1275 2251 1416 2315 Unionis
1441 2263 1473 2314 et

381 2359 513 2425 unitorum
539 2385 577 2425 ac
603 2360 749 2423 remedia.
775 2363 856 2445 ipsa,
882 2382 967 2445 quae
990 2359 1085 2422 malis
1110 2372 1156 2422 tot
1181 2367 1365 2444 opportuna
1380 2357 1472 2422 vide·

380 2478 479 2546 untur,
509 2470 673 2554 exposuit.
721 2467 790 2530 Nec
822 2477 975 2551 poterant
1005 2488 1070 2529 non
1094 2487 1164 2529 esse
1197 2465 1340 2550 pergrati
1365 2463 1471 2528 zelan-

381 2568 475 2639 tissimo
498 2576 641 2662 principi
667 2586 732 2637 tarn
759 2572 918 2659 praeclari
935 2583 1082 2639 conatus.
1123 2572 1213 2652 Quos
1229 2571 1319 2635 eordi
1344 2571 1472 2635 futuros

381 2675 438 2762 sibl,
467 2694 497 2746 et
520 2694 557 2747 ut
580 2682 645 2745 fine
670 2692 799 2765 sperato
833 2680 1032 2765 gauderent,
1069 2701 1168 2763 opera
1200 2679 1289 2742 omni
1322 2700 1356 2740 se
1381 2677 1471 2741 adfu-

381 2795 460 2851 turum
490 2788 684 2875 spopondit3
721 2808 864 2873 moxque
898 2786 1030 2872 plenam
1062 2808 1081 2848 a
1113 2786 1285 2871 Majestate
1310 2784 1473 2847 Caesarea

382 2888 492 2959 obtinuit
515 2898 645 2980 copiam
670 2894 806 2977 agendi,
832 2916 916 2979 qnae
943 2893 1135 2956 viderentur
1158 2902 1190 2954 et
1215 2889 1412 2974 disponendi
1437 2892 1471 2954 in

382 2994 425 3061 hoc
449 3001 612 3088 praeclaro
637 3004 768 3084 negotio
800 3000 842 3063 ad
867 2999 1006 3083 gloriam
1032 3000 1096 3061 Dei
1123 2999 1280 3083 majorem
1315 3007 1346 3058 et
1370 2995 1472 3060 Tran-

383 3103 510 3173 silvanae
535 3129 745 3173 communem
771 3106 924 3170 salutem:
958 3116 994 3168 ut
1017 3105 1099 3169 adeo
1125 3104 1320 3168 nominatim
1346 3104 1380 3165 in
1404 3125 1472 3188 spe-

382 3211 437 3275 ciuli
463 3216 519 3279 hac
546 3216 655 3279 Causa
685 3214 900 3299 supplicantes
936 3214 982 3277 cet
1013 3211 1173 3298 litigantes
1206 3213 1239 3274 in
1268 3208 1475 3296 praetitulati

383 3315 483 3384 lbnini
508 3322 693 3388 (bretinolis
723 3322 938 3405 praesentiam
973 3342 1039 3381 eam
1064 3321 1098 3381 in
1116 3319 1211 3402 finem
1241 3318 1360 3379 remitti
1383 3338 1473 3403 opor-

383 3433 448 3501 teret,
468 3442 496 3491 ut
519 3455 539 3491 a
563 3431 630 3492 Sua
653 3428 836 3490 Eminentia
860 3426 1124 3500 declarationem,
1149 3424 1350 3501 decisionem,
1374 3422 1473 3485 deter-

384 3528 550 3597 minationem
576 3532 623 3597 cel
645 3535 909 3596 murratantionanr
935 3535 1103 3617 impetrare
1123 3542 1254 3616 possent
1278 3542 1307 3593 et
1323 3529 1473 3607 ‘solerent

384 3641 630 3714 quemadmodum
665 3643 698 3703 iu
724 3639 868 3723 generali
894 3639 1050 3701 facultate
1075 3635 1291 3700 Kollonichio
1317 3655 1473 3698 concessa

385 3736 479 3809 dicitur
498 3773 593 3834 supra
618 3723 649 3832 p.
676 3749 749 3810 179.

415 4702 509 4769 h'illes,
528 4712 678 4776 symbolae.
