3725 5617
1533 605 1592 616 -u

504 658 573 706 Acta
592 654 641 705 suh
661 654 812 706 Athanasio
831 654 948 706 nondum
968 654 1124 706 crrrrlirmato
1146 654 1330 707 roos-1701.
1430 653 1482 706 241
1517 641 1523 704 ,¹

364 817 397 856 ac
422 795 728 858 Eminentissimum
755 795 966 858 Cardinalcm
999 818 1058 880 per
1082 817 1141 858 nos
1166 795 1482 877 circumventum¹lz

368 899 481 964 obbas
506 926 623 965 causas
648 915 679 964 et
705 902 822 965 multas
846 902 928 965 alias
953 904 1114 972 rationes.
1141 913 1250 965 nostro
1276 915 1308 964 et
1332 904 1481 965 omnium

370 1011 416 1091 ‹pri
439 1009 596 1072 adsumus
627 1023 659 1071 et
682 1009 870 1073 absentium
902 1009 1040 1071 fratrum
1066 1019 1250 1072 nostrorum
1276 1011 1411 1072 nomine
1435 1031 1483 1072 so·

375 1114 510 1178 lemniter
533 1128 770 1200 protestamur.
796 1129 827 1179 et
851 1126 1008 1200 tanquam
1033 1116 1200 1200 injuriosis
1217 1114 1485 1178 accusationibus

378 1224 626 1286 contradicinnrs.
674 1224 774 1286 Porro
799 1222 840 1285 ad
867 1224 1023 1307 majorem
1051 1223 1238 1285 firmitatem
1264 1220 1327 1284 hoc
1351 1223 1483 1304 negotio

381 1326 589 1393 declarandam
616 1329 791 1406 addimus,
821 1351 1019 1414 quacunque
1045 1329 1251 1413 experientia
1276 1327 1309 1391 id
1334 1328 1486 1392 intendat

383 1456 425 1495 seu
446 1436 597 1519 inclytum
628 1435 834 1500 Gubernium
862 1436 1018 1519 Regium,
1044 1459 1100 1498 seu
1126 1435 1237 1498 Status
1261 1435 1356 1520 Regii
1381 1433 1483 1512 Tran-
1561 1521 1564 1526 Ι

385 1539 516 1605 silvaniae
557 1566 615 1627 per
653 1565 866 1628 quoscunque
904 1543 1146 1604 commissarios
1184 1565 1222 1605 ac
1259 1542 1484 1627 exploratores

386 1648 583 1734 cujuscunque
622 1650 755 1712 tandem
787 1649 957 1732 religionis
995 1659 1147 1731 receptae
1185 1650 1218 1711 in
1251 1648 1485 1713 Transilvania

388 1755 522 1834 resistere,
548 1759 732 1841 inquirere,
759 1755 939 1840 impedire,
971 1756 1188 1838 investigare,
1219 1766 1332 1839 aperte
1356 1755 1410 1819 vel
1433 1778 1484 1818 oc·

389 1858 467 1933 culto,
495 1864 573 1948 qnid
599 1864 732 1926 denium
759 1865 790 1925 in
817 1865 1017 1926 contrarium
1044 1861 1225 1938 accideret,
1258 1854 1507 1942 retractamus,x

388 1967 583 2047 annullamus,
610 1992 796 2048 cassamus,
832 1972 938 2054 prouti
965 1971 1081 2052 vigore
1106 1969 1328 2053 praesentium
1354 1968 1394 2031 de
1419 1991 1485 2032 om·

390 2069 465 2132 nibus
486 2078 512 2138 in
539 2078 740 2140 contrarium
765 2076 966 2139 facientibus
991 2075 1259 2140 contradicimus.

459 2190 621 2255 llabamus
646 2192 877 2255 Albae-Julius
902 2194 955 2255 illi.
983 2194 1071 2276 Sept.
1100 2194 1184 2254 iliata

387 2307 738 2401 =.B.l'.ll.pp.ttl—80.)
828 2315 1071 2379 Athanasius
1096 2316 1281 2399 Episcopus
1310 2315 1438 2379 [Veritus.

567 2511 684 2563 Altera
703 2508 911 2577 protestatio
937 2509 961 2562 d.
982 2509 1006 2561 (l.
1025 2510 1068 2563 30.
1089 2510 1175 2575 Sept.
1198 2511 1274 2562 1699.

458 2641 514 2707 h'os
553 2645 752 2729 infrascripti
793 2644 961 2708 Ecclesiae
995 2644 1353 2708 Botriano-catholicae
1391 2644 1486 2708 Uniti

388 2742 464 2807 Ritus
482 2755 585 2832 graeci
605 2751 790 2835 Episcopus
814 2763 845 2814 et
870 2751 1096 2815 archidiaconi
1119 2754 1297 2814 memoriae
1321 2772 1486 2814 commen-

386 2847 481 2916 ‹hunus
501 2873 612 2921 tenore
636 2859 870 2942 praesentium,
896 2859 1018 2942 quihus
1042 2859 1177 2943 expedit
1194 2859 1369 2936 universis
1396 2880 1486 2942 prae·

387 2956 464 3039 cipue
497 2987 571 3028 vero
615 2964 738 3048 inclyto
776 2964 1028 3034 Transilvaniae
1060 2963 1231 3029 Gubernio
1263 2965 1486 3050 ¹Statibusqne

389 3061 508 3144 ejuslem
531 3072 637 3156 Regni
672 3095 760 3135 nilne
785 3073 1004 3135 existentibus
1036 3085 1067 3135 ct
1099 3085 1171 3157 post
1195 3075 1363 3151 extituris,
1396 3071 1485 3157 quod

391 3165 443 3230 h'os
460 3192 576 3260 sponte,
602 3178 704 3242 libere
729 3202 768 3241 ac
794 3180 920 3242 sincere
945 3179 1125 3264 amplexati
1151 3181 1252 3242 sinrus
1270 3179 1356 3243 Suae
1371 3179 1494 3262 Sacra·—

392 3275 506 3345 tissiurae
529 3285 713 3369 hlajcstatis
744 3286 924 3348 Decretum
955 3287 1053 3378 ritino
1081 3288 1165 3350 llssiil8
1199 3286 1251 3349 dic
1285 3288 1335 3349 14.
1363 3285 1487 3370 Aprilis

388 3399 559 3463 emanatura,
585 3415 713 3455 necnon
739 3393 885 3477 ejusdem
903 3392 1153 3456 Saceratissimae
1170 3394 1352 3478 hlajcstatis
1374 3393 1484 3477 henig-

393 3486 531 3560 nissinmm
567 3499 721 3583 Iliploma
754 3522 841 3561 anno
875 3502 1018 3562 currenti
1059 3501 1111 3562 die
1147 3501 1195 3565 lit
1235 3523 1275 3563 m.
1313 3500 1485 3563 Februarii

391 3598 571 3675 expeditum.
598 3608 720 3689 pariter
743 3605 882 3668 alterum
908 3606 1067 3690 Ejusdem
1093 3605 1274 3669 Caesareae
1299 3629 1337 3669 ac
1362 3606 1486 3690 Regiae

392 3695 541 3782 hlajrstatis
574 3734 698 3775 novum
724 3713 903 3775 Decretum
938 3712 1000 3775 hoc
1025 3714 1139 3776 codem
1165 3736 1251 3776 rinno
1287 3715 1406 3799 dieque
1431 3714 1485 3778 28.

393 3816 487 3877 mensis
500 3817 671 3881 Februarii
698 3818 820 3902 inclyto
839 3818 1009 3882 Guberuio
1035 3822 1276 3896 transmissum
1302 3821 1381 3904 quia
1405 3841 1486 3883 vero

392 3920 496 3986 nomine
518 3924 612 4009 Regii
638 3924 819 4004 Gubernii,
851 3949 889 3989 ac
921 3925 1120 4009 inclytorum
1153 3927 1305 3991 Statuum
1336 3926 1485 4011 ejusdem

389 4016 609 4095 Sacratissimae
640 4033 822 4117 hlajcstatis
847 4035 982 4095 Decreti
1013 4035 1180 4096 anatomia
1212 4057 1251 4095 ac
1281 4031 1410 4097 articuli
1442 4032 1487 4095 ad

391 4145 436 4189 uos
454 4138 534 4201 missi
565 4140 684 4224 (sunt),
719 4142 773 4224 qui
800 4161 865 4203 nou
891 4153 1018 4202 tantum
1044 4138 1130 4203 Silae
1154 4140 1338 4225 hiajestatis
1363 4139 1484 4202 Decre-

391 4245 441 4300 tun]
473 4243 609 4325 feriunt,
646 4246 701 4308 sed
743 4249 841 4309 etiarm
880 4245 1064 4310 libertatem
1100 4247 1269 4331 religionis
1302 4244 1486 4309 catholicae

415 4431 428 4496 Ι)
445 4440 601 4490 Releruntur
626 4443 676 4491 ista
704 4446 736 4491 ad
764 4445 947 4492 accusationes
973 4460 988 4491 a
1014 4444 1199 4505 Nagyszeghio
1232 4444 1344 4507 aliisque
1370 4443 1485 4491 Unionis

439 4512 587 4561 adversariis
621 4523 713 4562 contra
741 4516 918 4563 Athanasium
954 4517 1108 4566 adornatas.
1144 4516 1177 4563 de
1211 4516 1307 4578 quibus
1335 4530 1395 4562 mox
1424 4523 1487 4574 aget

437 4595 568 4644 processus
595 4586 778 4634 informativus
804 4588 829 4634 iu
854 4588 940 4635 Causa
966 4585 1173 4634 confirmationis
1198 4586 1315 4649 ejusdem
1342 4586 1486 4634 Athanasii

436 4653 606 4704 instituendus
625 4672 668 4720 pp.
691 4657 838 4707 abr-262.

405 4756 426 4804 Ν
435 4758 520 4820 illes,
540 4761 693 4824 symbolae.
1293 4764 1324 4813 lo'
