3725 5617
535 652 603 702 Acta
621 648 671 702 sub
690 649 840 703 Athanasio
859 651 977 703 uorrdum
997 650 1153 705 confirmato
1175 650 1359 703 less-troi.
1456 652 1509 702 215

928 1061 965 1113 rr.

416 1132 555 1223 ldherae
578 1157 791 1240 synodicae
816 1158 863 1225 ad
888 1158 1070 1225 Comitem
1096 1158 1248 1236 Kinski,
1274 1177 1493 1242 supremum

579 1264 849 1331 Cancellariae
874 1265 1035 1332 aulicae
1060 1266 1314 1349 praefectum.

487 1419 762 1488 Excellentissime
787 1448 825 1487 ac
850 1424 1075 1488 Illustrissime
1101 1426 1254 1505 Domine.
1281 1426 1367 1488 Due.
1392 1447 1431 1487 ae

740 1531 883 1595 Patrone
907 1533 1154 1615 gratiosissime.

482 1671 738 1736 Ardentissimus
770 1673 999 1738 Excellentiae
1025 1673 1163 1737 Vestrae
1195 1672 1300 1755 zelus,
1337 1694 1511 1760 quo-erga
1541 1678 1544 1683 ’

407 1770 524 1856 gloriam
548 1778 668 1843 Divini
691 1779 847 1843 Numinis
870 1779 988 1861 fertur,
1014 1781 1162 1865 piissima
1187 1782 1317 1859 caritas,
1343 1803 1408 1865 qua
1432 1800 1510 1863 erga

405 1880 577 1968 religionem
608 1897 756 1950 nostram
789 1888 899 1971 graeei
931 1889 1013 1950 ritus
1045 1886 1195 1960 ducitur,
1231 1889 1359 1950 animos
1383 1894 1511 1950 nostros

396 1987 435 2053 ad
455 1992 641 2057 referendas
665 1992 866 2058 immortales
889 1995 1012 2078 gratias
1036 1995 1242 2074 animavit').
1280 1993 1319 2057 Iu
1342 2002 1510 2078 comperto

391 2097 477 2161 enim
508 2108 572 2163 est:
605 2099 833 2164 Excellentiae
867 2100 1006 2164 Vestrae
1040 2102 1237 2184 sagacitate,
1275 2100 1437 2165 industria
1478 2111 1511 2162 et

388 2201 498 2269 labore
521 2206 708 2271 confectum
733 2217 798 2288 est,
830 2208 920 2293 quod
944 2207 1011 2272 Sua
1036 2206 1266 2271 Sacratissima
1290 2206 1446 2291 Maiestas
1474 2208 1509 2269 in

384 2308 640 2377 clementissimo
666 2312 807 2377 Decreto
843 2315 893 2379 14.
918 2313 1044 2399 Aprilis
1073 2315 1151 2377 anni
1185 2314 1326 2378 labentis
1357 2322 1509 2378 emanato

384 2438 446 2481 nos
467 2416 640 2483 Ecclesiae
674 2431 808 2484 sanctae
832 2419 1195 2485 Romano-catholicae
1220 2422 1345 2500 unitos,
1378 2419 1509 2505 privile-

377 2524 514 2608 giomm
537 2547 577 2589 ac
595 2526 734 2611 jurium,
760 2528 882 2613 quibus
906 2526 1054 2613 ejusdem
1080 2538 1213 2591 sanctae
1229 2528 1345 2591 Matris
1360 2526 1510 2591 Eclesiae

380 2630 569 2715 presbyteri
585 2632 811 2718 perfruuntur,
837 2636 1016 2719 participes
1034 2634 1225 2699 reddiderit.
1265 2633 1354 2697 Nulli
1370 2631 1510 2719 proinde

377 2736 594 2818 dubitamus,
630 2742 711 2825 quin
743 2743 844 2805 etiam
878 2741 1036 2826 deinceps
1067 2742 1183 2805 eodem
1208 2741 1280 2805 zelo
1309 2751 1341 2803 et
1373 2743 1509 2805 caritate

378 2843 504 2907 Vestra
517 2844 726 2910 Excellentia
750 2870 809 2912 nos
833 2858 1021 2933 protectura
1047 2860 1078 2910 et
1102 2849 1336 2912 confirmatura
1356 2850 1407 2911 sit.
1445 2847 1508 2910 Pro

374 2970 447 3036 quo
472 2950 531 3014 diu
557 2951 683 3016 salvam
708 2977 748 3018 ac
772 2954 972 3018 incolumem
989 2956 1081 3018 Deus
1105 2967 1154 3017 ter·
1170 2955 1324 3040 Optimus
1342 2954 1509 3017 llaximus

375 3078 440 3141 pro
465 3080 526 3120 sua
551 3058 666 3144 gloria,
691 3061 860 3146 religionis
886 3064 1088 3125 incremento
1114 3084 1152 3124 ac
1173 3073 1281 3124 nostro
1298 3059 1412 3123 solatio
1435 3082 1509 3123 cou-

374 3148 493 3228 servet
524 3168 684 3230 animitas
717 3189 877 3230 vovemus
920 3190 1044 3253 nosque
1079 3170 1110 3229 in
1146 3167 1334 3251 ulteriorem
1367 3170 1508 3250 gratiam

374 3272 702 3336 recommendamus.

652 3415 880 3479 Excellentiae
906 3418 1042 3479 Vestrae

470 3538 523 3620 (L.
550 3539 596 3616 S.)
1028 3543 1113 3603 servi
1140 3540 1316 3604 humillimi

372 3660 615 3726 Albae-duliae
642 3663 738 3728 1698.
850 3664 1096 3727 Athanasius
1121 3664 1290 3728 Ecclesiae
1317 3665 1508 3728 Catholicae

407 3770 464 3832 27.
492 3768 704 3833 Novembris.
886 3774 997 3834 unitae
1021 3774 1131 3856 graeci
1157 3774 1238 3835 ritus
1263 3772 1458 3857 Episcopus,

442 3875 563 3962 (lbid.
590 3898 622 3961 p.
647 3876 737 3959 337).
853 3877 1101 3957 Archidiuconi,
1127 3902 1164 3941 ac
1190 3878 1334 3963 reliquus
1359 3878 1484 3943 Clerus.

404 4130 424 4196 ἦ]
449 4130 491 4176 Ex
507 4128 642 4191 Baraupio
658 4128 798 4175 resciverat
811 4130 942 4191 SynoduS,
957 4128 1116 4190 suffragante
1130 4130 1232 4177 Comite
1248 4131 1356 4188 Kinslri,
1371 4132 1508 4192 Augustae

450 4201 614 4249 Viennensis
635 4198 722 4247 Aulae
749 4199 925 4256 cancellario,
955 4200 1052 4247 sactum
1072 4216 1143 4256 esse,
1172 4210 1200 4247 ut
1221 4201 1364 4249 Resolutio
1394 4203 1446 4249 diei
1470 4214 1508 4262 ra.

447 4271 558 4335 Aprilis
577 4272 706 4319 ederetur.
744 4272 796 4318 Sed
819 4271 905 4318 recole
926 4286 993 4333 quae
1013 4287 1043 4318 ea
1064 4273 1096 4318 de
1118 4288 1143 4319 re
1163 4273 1234 4319 dicta
1254 4283 1314 4319 suut
1333 4288 1357 4335 p.
1383 4284 1438 4331 1¹23-
