3725 5617
446 634 499 688 668
620 636 650 688 L.
671 635 721 689 lll.
758 635 798 689 De
817 634 931 688 historia
951 635 1078 689 ecclesiae
1097 634 1278 688 h'umenormn
1297 636 1399 688 linitae.

447 783 497 831 ant
524 776 752 846 interpretatione
777 777 892 831 caelibes
920 777 1124 832 substituantur
1149 791 1179 831 eo
1198 793 1215 830 a
1234 776 1356 844 fortiori,
1385 779 1456 844 quod
1475 777 1507 831 in
1526 778 1579 832 hac

447 866 612 934 amplissima
635 873 664 920 et
683 866 818 920 continuis
837 866 973 944 laboribus
991 867 1072 934 plena
1091 866 1212 920 Dioeccsi
1231 866 1308 921 liberi
1329 883 1345 920 a
1363 867 1577 937 conjugatorum

446 957 518 1010 cuth
549 956 677 1010 continno
701 956 731 1009 in
755 956 904 1011 directione
931 956 1066 1011 Dioecesis
1097 964 1125 1010 et
1151 958 1301 1010 animamm
1326 957 1416 1011 salute
1447 957 1577 1026 occupari

447 1044 630 1099 debeant...
650 1051 682 1098 nt
707 1044 791 1099 etiam
816 1061 850 1099 ex
875 1046 1021 1101 caelibibus
1048 1045 1118 1100 tales
1144 1046 1284 1114 eligantur
1309 1053 1337 1099 et
1362 1062 1410 1113 pro
1430 1046 1579 1101 ditissima

447 1134 650 1188 confirmatione
675 1142 874 1202 proponantur,
903 1135 949 1201 qui
974 1143 1056 1189 erunt
1079 1135 1219 1203 integrae,
1248 1135 1333 1189 bonae
1358 1141 1386 1189 et
1411 1135 1578 1203 exemplaris

447 1222 536 1287 vitae,
562 1229 591 1277 ct
609 1223 752 1291 praecipue
771 1239 787 1276 a
806 1223 937 1277 castitate
955 1224 1147 1288 commendati,
1167 1225 1265 1291 quique
1284 1224 1420 1287 Dioecesi‚
1444 1223 1578 1293 religioni

447 1319 476 1366 et
494 1312 645 1365 animarum
670 1312 753 1366 saluti
773 1312 861 1380 magis
880 1312 963 1366 utiles
986 1312 1187 1381 judicabuntur.
1226 1313 1296 1367 Hinc
1322 1313 1398 1367 nulla
1417 1314 1491 1367 ratio
1510 1314 1577 1368 ami·

447 1401 530 1455 citiae
548 1406 597 1455 ant
615 1401 759 1470 sanguinis
777 1400 924 1466 habeatnr,
943 1407 1024 1469 prout
1042 1402 1125 1455 etiam
1144 1401 1211 1455 haec
1229 1401 1263 1455 ab
1283 1401 1404 1456 Ecclesia
1424 1402 1476 1456 Dei
1492 1402 1579 1472 juxta

447 1506 536 1544 sacros
554 1507 669 1545 canones
687 1506 792 1559 semper
810 1491 920 1545 exulare
939 1490 1046 1546 debent.

519 1597 651 1664 Quoniam
678 1598 706 1652 in
726 1598 782 1652 ritu
801 1614 899 1666 graeco
919 1599 1051 1667 Episcopo
1076 1615 1153 1652 sacra
1181 1597 1293 1652 facienti
1322 1598 1414 1667 plures
1439 1605 1491 1652 ant
1510 1616 1578 1668 pan·

447 1686 532 1741 ciores
555 1687 707 1741 sacerdotes
726 1691 791 1741 sunt
810 1688 1043 1749 concelebrantes,
1069 1687 1103 1741 ad
1122 1688 1309 1742 canonicorum
1328 1705 1425 1742 munus
1444 1690 1578 1756 pertinet,

447 1783 530 1845 prout
554 1776 702 1844 Episcopus
733 1776 910 1844 disposuerit,
940 1778 992 1831 nisi
1018 1777 1187 1831 intercedens
1218 1776 1326 1843 aliquod
1353 1777 1580 1845 impedimentum

448 1871 599 1930 excusaret,
619 1866 703 1919 eidem
724 1865 852 1920 assistere
871 1874 900 1919 et
918 1866 1112 1921 concelebrare.
1148 1866 1217 1919 Item
1236 1867 1271 1920 ad
1289 1882 1385 1920 munus
1405 1883 1500 1922 eorum
1518 1883 1581 1935 pcr-

447 1955 535 2019 tinet,
564 1955 695 2022 Episcopo
718 1954 746 2008 in
765 1954 903 2022 spirituali
923 1972 1001 2020 cura,
1030 1955 1204 2009 conversione
1227 1954 1313 2008 afide
1332 1955 1466 2009 catholica
1486 1972 1581 2011 erran·

448 2043 533 2108 tium,
553 2043 757 2110 tractandisque
776 2044 864 2098 causis
883 2060 915 2098 ac
934 2045 1091 2099 necessariis
1110 2045 1172 2098 aliis
1192 2045 1225 2098 ad
1244 2045 1419 2099 directionem
1438 2046 1582 2101 Dioecesis

447 2133 506 2187 sint
524 2133 582 2187 veri
602 2138 630 2186 et
649 2132 746 2187 sinceri
766 2133 943 2201 coadjutores,
962 2141 991 2188 et
1009 2134 1037 2187 in
1057 2133 1179 2188 omnibus
1198 2140 1227 2188 et
1245 2134 1328 2188 licitis
1343 2135 1561 2204 obsequentes¹).

989 2375 1032 2439 11.

680 2504 736 2569 De
761 2501 1086 2570 confirmatione
1112 2502 1344 2582 pontificia.

523 2657 588 2711 Pina
607 2659 754 2727 Episcopus
773 2660 872 2713 Servus
891 2660 1034 2714 Servomm
1053 2660 1102 2714 Dei
1122 2661 1155 2715 ad
1175 2666 1333 2728 perpetuum
1353 2662 1392 2715 roi
1411 2663 1583 2718 memoriani.

451 2747 626 2816 Apostolatns
646 2748 771 2812 officinm,
791 2749 860 2814 qnod
879 2750 989 2803 divinae
1008 2751 1159 2817 sapientiae
1173 2749 1290 2803 altitudo
1303 2750 1453 2804 humilitati
1467 2761 1584 2805 nostrae

449 2837 523 2891 nullo
541 2837 606 2892 licet
624 2838 782 2891 meritorum
800 2836 932 2906 suffragio
952 2839 1120 2892 committere
1140 2837 1255 2907 dignata
1275 2846 1330 2904 est,
1349 2840 1498 2894 salubriter
1518 2857 1583 2895 exe·

449 2927 494 2994 qni
514 2932 673 2995 satagentes
693 2926 749 2990 illa,
769 2942 837 2993 quae
856 2942 904 2993 pro
924 2927 997 2981 felici
1017 2927 1214 2981 cathedralium
1233 2929 1413 2993 ecclcsiamm,
1433 2935 1463 2982 et
1476 2945 1582 2990 eornm,

449 3015 494 3083 qni
520 3016 549 3069 in
574 3016 640 3084 ipsis
660 3016 799 3070 Alt-issimo
826 3017 932 3069 assidue
958 3016 1119 3070 famulatum
1145 3021 1289 3084 praestant
1314 3018 1447 3085 regimine
1473 3023 1502 3072 et
1529 3036 1582 3088 gn·

449 3104 541 3159 bernio
566 3105 678 3173 provide
697 3106 896 3173 prudenterque
916 3106 989 3159 facta
1009 3122 1065 3160 csse
1085 3114 1246 3171 noscuntur,
1275 3106 1488 3160 coritirmationis
1507 3108 1582 3175 Apo

448 3193 560 3248 stolicae
585 3194 734 3261 praesidio,
764 3211 844 3261 qnnrn
872 3195 899 3248 id
924 3195 1036 3248 anobis
1062 3196 1180 3262 petitur,
1208 3195 1386 3249 libentissimo
1412 3195 1582 3258 roboramus,

448 3291 528 3350 prout
553 3289 703 3350 temporum
730 3292 758 3336 ct
777 3285 894 3338 locorum
914 3284 985 3338 ratio
1005 3285 1139 3352 postulat,
1170 3290 1295 3350 rectoque
1321 3284 1408 3338 ordini
1436 3295 1581 3339 consenta-

450 3387 530 3426 neum
556 3388 613 3426 esse
638 3373 666 3426 in
686 3372 798 3426 ltornino
824 3373 1002 3439 arbitramur3
1031 3389 1096 3426 sane
1121 3380 1264 3440 postquam
1290 3390 1373 3440 usqne
1399 3382 1427 3427 et
1453 3375 1486 3428 de
1506 3392 1582 3429 anno

448 3460 557 3515 Domini
579 3461 648 3516 1718
667 3462 853 3531 Congregatio
872 3463 897 3517 S.
918 3463 950 3516 R.
971 3464 1000 3515 E.
1028 3462 1213 3516 cardinalium
1239 3464 1358 3532 negotiis
1378 3464 1581 3532 Propagandae

447 3549 525 3604 Fidei
545 3541 708 3620 propositai')
727 3551 856 3604 nonnulla
875 3552 947 3605 circa
965 3568 1090 3620 graecam
1111 3553 1248 3605 nationem
1268 3552 1438 3615 tractaverit,
1459 3559 1487 3604 et
1500 3569 1582 3620 prae·

446 3641 524 3707 cipue
551 3655 598 3707 pro
618 3638 796 3700 Graecorum,
825 3640 1020 3704 Valachorum,
1049 3641 1249 3704 Ruthcnornm,
1279 3647 1307 3694 et
1326 3640 1523 3694 Rasciauomm
1551 3641 1580 3695 in

446 3728 654 3782 'transilvaniae
674 3729 813 3796 provincia
831 3731 1054 3783 commorantium
1073 3730 1209 3798 spirituali
1229 3731 1318 3783 salute
1337 3730 1497 3794 decreverit,
1518 3748 1580 3799 pro·

446 3818 593 3872 cedendum
620 3835 678 3872 esse
698 3819 730 3872 ad
757 3819 920 3873 erectionem
940 3818 1067 3872 ecclesiae
1087 3835 1107 3872 s.
1127 3820 1231 3873 Nicolai
1258 3819 1348 3886 oppidi
1369 3818 1581 3887 Fogarusiensis

445 3908 473 3962 in
487 3908 669 3962 cathedralem
683 3908 834 3975 hujusmodi
849 3908 1020 3966 Graecorum.
1041 3908 1229 3968 Valachorunr‚
1251 3908 1445 3972 lintbcnornm,
1465 3908 1580 3963 Rescis-

447 4014 540 4051 norum
567 3999 747 4064 aliorumque,
773 3998 817 4063 spiri
839 4013 886 4065 pcr
905 3998 1070 4064 provinciam
1093 3998 1258 4063 praedictam
1278 3998 1486 4050 Transilraniae
1508 4015 1579 4053 ccm-

445 4086 634 4151 morabantnr,
663 4095 692 4142 ct
710 4087 842 4140 nonnulla
862 4103 909 4154 pro
929 4088 1064 4140 erectione
1089 4086 1240 4153 hujusmodi
1260 4086 1402 4140 efficienda
1421 4088 1581 4141 necessaria

445 4175 659 4244 Congregationi
694 4176 812 4243 ejusdem
841 4176 865 4226 S.
894 4176 925 4230 lt.
952 4177 982 4229 E.
1013 4176 1198 4229 Cardinnlinm
1234 4176 1313 4228 rebus
1341 4175 1581 4231 consistorialibus

445 4266 660 4332 praepositorum
694 4266 728 4318 ad
757 4280 868 4318 examen
897 4265 1083 4322 inundaverit,
1118 4281 1149 4317 ac
1181 4265 1241 4331 piae
1270 4263 1412 4317 memoriae
1441 4263 1580 4320 Clementi

446 4410 503 4417 .—

478 4497 497 4561 ¹)
520 4501 647 4548 Refertur
667 4517 725 4549 cum
746 4501 938 4564 approbatione
958 4500 1194 4560 Caesareo-iteum
1213 4499 1238 4546 d.
1260 4499 1284 4544 d.
1306 4499 1330 4547 6.
1345 4496 1435 4545 hlartii
1454 4496 1580 4559 ejusdem

516 4572 578 4620 anni
598 4572 667 4635 apud
689 4575 788 4621 Petru
809 4572 950 4629 blaioru,
969 4588 1012 4635 op.
1032 4572 1085 4629 cit,
1105 4587 1149 4635 pp.
1170 4580 1318 4632 235--243.

475 4645 497 4714 ¹)
517 4651 572 4703 Cir.
592 4665 671 4714 snpra
690 4667 715 4715 p.
735 4664 796 4713 430.
