3725 5617
597 2096 861 2180 sanctissimus
898 2098 1066 2182 domiuus
1102 2099 1234 2184 Noster

422 2247 560 2347 L
589 2243 682 2341 E
706 2244 789 2342 O
863 2247 945 2343 Ρ
966 2249 1066 2345 Ρ.
1121 2246 1345 2346 XIII.

754 2414 810 2498 de
843 2415 1088 2518 dignitate

617 2560 908 2625 caussinum
931 2562 1223 2629 orientalium.

907 2762 935 2827 1.

387 2878 463 2958 Ea
518 2908 616 2973 quae
647 2885 690 2950 ad
721 2886 899 2951 orientales
930 2886 1088 2951 ecclesias
1118 2888 1303 2972 pertinent,
1342 2909 1400 2973 pro
1433 2911 1483 2952 su·

268 3014 431 3082 premo
479 3009 529 3052 eo
569 2985 772 3067 ministerio,
804 3007 869 3071 quo
901 3008 944 3048 ex
976 2985 1092 3049 divina
1123 2987 1329 3050 institutione
1352 2987 1483 3071 perfun-

271 3096 456 3178 gimur,
498 3080 673 3171 peculiari
698 3083 817 3147 Nostra
846 3082 1070 3147 sollicitudine
1094 3106 1134 3147 ao
1157 3083 1265 3148 studio
1290 3084 1392 3167 digna
1416 3106 1481 3148 om·

277 3195 386 3255 nino
423 3196 625 3273 putamus,
651 3181 932 3266 quemadmodum
948 3191 981 3244 et
996 3205 1016 3245 a
1030 3180 1339 3267 praedecessoribus
1356 3182 1482 3245 Nostris

278 3290 406 3354 omni
443 3289 577 3348 aetate
602 3278 727 3343 factum
752 3302 824 3344 esse
848 3282 1082 3365 comperimus.
1224 3280 1395 3343 Noverunt
1419 3282 1480 3365 ipsi

282 3388 522 3474 pristinam
564 3376 694 3441 illarum
730 3380 905 3462 regionum
941 3377 1167 3458 nobilitatem,
1206 3379 1240 3440 in
1275 3377 1396 3462 quibus
1426 3377 1482 3442 Sol

279 3485 489 3573 justitiae
518 3477 670 3540 humano
694 3478 808 3559 generi
827 3474 965 3558 affulsit,
990 3498 1120 3539 necnon
1137 3496 1251 3538 earum
1267 3473 1481 3538 ecclesiarum

289 3595 490 3647 veterem
518 3573 673 3659 gloriam,
699 3596 784 3659 quae
808 3573 981 3659 praeclara
1005 3575 1154 3638 coelestis
1178 3574 1361 3658 sapientiae
1381 3585 1413 3637 et
1427 3573 1480 3637 ad-

293 3674 511 3747 mirabilis
552 3672 736 3735 sanctitatis
771 3670 899 3735 lumina
935 3671 1152 3756 protulerunt.
1208 3671 1418 3756 Quapropter
1450 3682 1482 3735 et

294 3780 386 3845 Nos
428 3771 485 3839 ab
523 3772 598 3855 ipso
630 3769 740 3833 Nostri
772 3769 991 3834 Pontificatus
1022 3770 1158 3834 exordio
1168 3819 1176 3851 ,
1209 3789 1310 3853 quum
1336 3769 1481 3833 Orientis

300 3874 505 3942 ecclesias
531 3869 739 3952 gravissimis
762 3867 916 3953 procellis
941 3867 1094 3932 divexari
1111 3867 1392 3952 conspexerimus,
1418 3868 1481 3929 sin·

301 3974 493 4062 gularem
523 3965 778 4031 necessitatibus
801 3988 898 4051 opem
922 3965 1042 4030 afferre
1067 3964 1299 4031 contendimus
1323 3964 1480 4052 (Allocut.

306 4074 346 4138 a.
377 4072 448 4137 aa.
480 4064 587 4131 rear.
613 4062 723 4149 1879).

892 4188 937 4254 11.

421 4294 540 4373 curas
564 4303 749 4389 singulares
773 4304 834 4368 sub
859 4306 932 4390 ipsa
958 4304 1175 4367 Pontificatus
1191 4304 1301 4368 Nostri
1327 4305 1422 4367 initia
1446 4303 1481 4366 in

228 4449 229 4462 κ
316 4407 482 4498 populos
510 4402 661 4467 Orientis
695 4404 843 4468 conferre
872 4404 1135 4488 properavimus.
1252 4402 1321 4466 Nos
1345 4402 1481 4487 quidem

318 4520 422 4573 certe
460 4510 662 4590 pervetusta
687 4500 834 4566 Orientis
857 4500 979 4584 gloria,
1012 4508 1044 4562 et
1068 4501 1102 4563 in
1127 4520 1225 4563 omne
1248 4521 1353 4583 genus
1378 4500 1482 4563 homi-

320 4627 414 4671 num
443 4603 541 4667 fama
568 4600 762 4663 meritorum
786 4600 859 4683 ipsa
881 4597 1111 4662 recordatione
1136 4597 1289 4662 delectat.
1322 4597 1375 4661 Ibi
1391 4599 1482 4661 euim
