3725 5617
646 675 688 728 Ex
707 674 795 743 elogio
813 673 975 743 sepulchrali
994 673 1086 727 Panis
1104 674 1203 728 Fitter.
1419 674 1490 728 1019

364 817 453 871 Deum
466 814 682 871 Euchsfisticum
699 824 766 883 quot
778 816 872 871 diebus
884 816 989 871 vicibus
1001 816 1139 870 duodecim
1158 815 1301 886 egenibus
1314 814 1447 872 adoravit.
1456 846 1489 854 -

365 906 419 973 Qui
435 906 529 961 modus
547 905 575 960 iu
593 905 704 959 colenda
722 906 826 973 pariter
844 905 1016 959 sanctissime
1029 895 1079 959 Dei
1099 910 1212 973 parente
1230 905 1355 960 solemnis
1372 904 1413 958 illi
1426 903 1490 958 luit.

365 996 409 1049 Ad
427 994 495 1051 mcc
512 995 614 1049 enituit
632 999 729 1048 exacta
747 1000 871 1048 votorum
890 994 1026 1058 custodia,
1052 994 1185 1063 singulari
1204 1010 1313 1062 prorsus
1331 993 1492 1048 demissione

365 1083 464 1150 animi,
489 1083 589 1139 mentis
614 1083 693 1138 rebus
710 1082 835 1138 humanis
855 1084 1001 1153 superioris
1026 1084 1229 1152 magnitudino:
1256 1083 1352 1151 quibus
1377 1082 1492 1137 totidem

364 1173 454 1228 veluti
479 1180 591 1228 ornatus
615 1171 771 1236 monilibus,
800 1172 872 1226 coelo
897 1188 976 1239 quem
1002 1173 1048 1240 qui
1076 1174 1193 1227 maxime
1217 1176 1353 1237 maturus,
1381 1179 1492 1227 terreus

367 1261 481 1330 reliquit
499 1264 543 1317 24.
558 1261 667 1330 Aprilis,
686 1277 758 1315 anno
776 1263 877 1316 aetatis
896 1263 939 1321 69,
960 1262 1061 1316 Christi
1082 1263 1157 1328 1736,
1177 1260 1325 1330 Coadjutor
1342 1259 1494 1330 spiritualis

365 1352 508 1408 formatus
989 1382 990 1387 =

383 1575 434 1628 Ad
453 1589 526 1643 pag.
546 1577 616 1630 496.
635 1605 668 1615 -
688 1576 734 1628 Ex
754 1575 866 1644 elogio
885 1574 1090 1643 sepulchrali
1110 1573 1308 1643 aSteplrano
1327 1574 1475 1642 Psrgpas

748 1664 845 1719 Patri
864 1664 976 1718 Fitter
994 1664 1112 1732 posito.

788 1808 911 1862 Adamo
939 1808 1072 1862 Fittero

731 1896 883 1965 illogium
908 1896 1128 1964 sepulchrale.

815 2014 865 2068 Vir
884 2013 1047 2067 venerabilis

801 2102 920 2156 ,idemus
940 2103 1061 2156 Fitterus

788 2193 811 2246 Ε
835 2192 971 2246 Societate
994 2191 1074 2254 Jesu,

745 2282 817 2334 Vota
836 2288 953 2347 quotuor
971 2280 1114 2348 professus,

824 2370 876 2425 Hic
893 2369 964 2423 situs
983 2376 1033 2425 est.

540 2459 625 2514 Nosse
643 2460 718 2528 cupis
737 2467 880 2524 mortuum,
899 2475 978 2526 qurern
998 2460 1092 2513 vivum
1110 2474 1163 2512 uun
1183 2456 1318 2512 noveras?

808 2549 918 2602 Famam
939 2549 1054 2603 consule.

745 2636 861 2706 ignotus
880 2653 1010 2691 essenon
1029 2642 1119 2705 potest

665 2725 715 2780 Curi
736 2726 825 2779 virtus
843 2740 938 2780 nomen
959 2725 1024 2780 lecit
1043 2725 1201 2780 immortale.

725 2815 813 2868 Nature
838 2814 884 2868 illo
908 2815 937 2868 in
964 2815 1068 2869 haeresi
1093 2823 1142 2880 est,
1219 2802 1220 2805 ¹

744 2905 781 2959 Ut
799 2910 941 2971 postquam
962 2904 1126 2973 resipuisset,

563 2996 587 3045 A
605 3001 683 3060 putre
703 2992 908 3058 mendaciorum,
928 2994 998 3060 quod
1017 2992 1121 3055 mirere,
1141 2994 1302 3056 admonitus,

739 3082 831 3136 Staret
850 3082 877 3135 in
898 3081 1003 3135 virtute
1021 3081 1130 3135 firmior.

774 3170 889 3224 Caetera
908 3171 1094 3234 intemeratus,

726 3260 792 3313 Turn
812 3259 862 3323 vir,
881 3276 961 3326 quam
981 3260 1142 3323 adolescens,

698 3349 751 3403 Vix
776 3357 809 3402 ut
833 3350 929 3402 Adanu
956 3349 1057 3403 diceres
1083 3349 1166 3403 lilium

673 3439 757 3492 Immo
782 3453 850 3505 pene
875 3454 1010 3504 nunquam
1036 3438 1197 3504 adolescens,

766 3527 835 3594 Quin
853 3531 976 3581 moturus
995 3542 1099 3595 semper

708 3617 745 3670 Et
767 3617 811 3670 vir
834 3616 945 3684 ipsein
969 3616 1157 3681 adolescentis,

729 3705 891 3759 Societatem
907 3706 974 3759 Jesu
993 3706 1139 3772 amplexus,

746 3795 783 3849 Ut
802 3791 871 3849 mele
891 3795 993 3849 laceret
1011 3794 1125 3859 haeresi,

682 3884 843 3948 Veritatem,
863 3884 1028 3959 religionem,
1049 3885 1188 3948 virtutem,

798 3973 963 4026 Constanter
981 3972 1072 4028 coluit.

753 4100 765 4127 ¹l¹
1105 4098 1118 4126 e

866 4224 899 4276 In
920 4223 1004 4276 Dacia

612 4311 874 4379 Clarrdiopolitsnurn
894 4312 956 4365 dum
976 4315 1085 4379 regeret
1104 4310 1261 4379 Collegium,

774 4401 872 4456 Jussus
890 4402 997 4454 decreto
1016 4400 1092 4468 regio

707 4490 820 4544 Vslachi
839 4489 914 4544 obire
933 4489 1005 4543 sices
1023 4489 1157 4558 Episcopi,

644 4578 738 4634 Obivit
756 4579 799 4632 vel
818 4578 930 4644 invitus,
950 4578 1093 4632 voluntate
1111 4593 1222 4642 summe,

579 4669 617 4723 Et
635 4684 763 4737 magnum
783 4668 871 4722 lumen
892 4668 919 4721 iu
940 4666 1099 4722 candelabro
1117 4683 1145 4721 se
1164 4666 1292 4721 ostendit.
