3725 5617
575 643 681 698 Selecta
695 643 799 712 judicia
817 644 850 698 de
868 659 918 698 usn
937 642 1106 700 Kalendarii.
1336 643 1406 699 1069

277 786 349 840 tatis
374 785 453 841 rebus
471 785 642 855 explorandis
668 785 847 854 praecellunt:
877 801 892 839 e
916 785 1028 853 quibus,
1055 785 1078 838 si
1104 783 1164 851 quis
1182 785 1311 840 materias
1336 785 1405 839 istas

280 875 420 930 ardentius
438 876 517 929 sitiat
536 876 696 944 penitusque
716 891 874 944 cognoscere
893 874 994 942 cupiat,
1013 873 1128 928 ulterius
1147 874 1256 928 baudra
1275 875 1406 942 pleneque

279 979 313 1018 ea
337 965 498 1032 praesertim
524 964 654 1034 indagare
679 965 794 1032 poterit,
823 980 892 1030 (pilae
911 965 939 1019 in
959 963 1133 1018 Kalendariis
1152 963 1330 1017 orientalibus
1356 971 1406 1017 aut

279 1053 440 1122 ambagibus
459 1063 524 1108 stunt
543 1055 667 1108 involuta
686 1061 735 1106 aut
748 1053 907 1122 vulgaribus
926 1053 1062 1106 erroribus
1075 1053 1203 1107 demersa
1235 1053 1310 1118 Quod
1323 1067 1405 1118 qnnm

279 1143 367 1198 Nilles
387 1153 479 1197 noster
497 1160 545 1211 pro
565 1160 593 1198 re
612 1151 679 1197 nata
698 1143 790 1197 sedrrlo
810 1149 944 1211 praestet,
963 1143 1093 1196 studiosis
1111 1141 1244 1195 tironibus
1263 1141 1406 1195 scientiam

280 1232 368 1288 veluti
394 1233 546 1297 emolliens,
576 1241 633 1286 tum
657 1239 686 1286 et
705 1233 848 1287 eorumdem
867 1231 1049 1286 aedificationi
1074 1232 1200 1294 studens,
1229 1231 1297 1284 hanc
1322 1230 1406 1284 etiam

280 1323 331 1378 sibi
352 1323 459 1376 veniam
480 1322 553 1384 fecit,
573 1327 604 1376 nt
623 1321 784 1389 exscriptis
803 1321 976 1382 Sanctorrnn,
997 1336 1078 1387 qnnm
1098 1321 1125 1374 in
1145 1337 1237 1374 eortnn
1255 1320 1405 1374 aliomnrve

275 1427 371 1468 sacras
390 1411 654 1466 commemorationes
673 1410 827 1474 incidisset,
853 1410 973 1478 pretiosa
991 1409 1148 1478 fragmenta
1166 1411 1335 1478 decerperet,
1361 1409 1404 1463 de·

279 1511 428 1573 cerptaque
444 1503 539 1572 juveni
558 1504 652 1558 lectori
671 1509 845 1571 proponeret:
865 1519 935 1570 quae
953 1504 1034 1558 irumo
1053 1519 1083 1556 eo
1096 1501 1181 1570 pluris
1193 1511 1258 1552 snut
1272 1498 1403 1562 facienda,

278 1593 352 1660 qnod
376 1593 438 1646 dnm
463 1593 627 1648 christianae
652 1593 750 1660 pietati
776 1593 959 1646 confovendae
988 1592 1154 1654 inserviunt,
1183 1589 1301 1642 illustria
1325 1587 1404 1642 simul

277 1689 445 1752 argumenta
464 1682 605 1747 exhibent,
637 1680 733 1748 quibus
752 1681 902 1735 catholicae
922 1681 984 1734 fidei
1003 1680 1133 1748 dogmate
1151 1679 1268 1746 ipsomm
1287 1678 1405 1731 orienta-

278 1772 348 1826 lium
373 1771 534 1826 testimoniis
560 1771 775 1840 comprobantur.
800 1801 835 1810 -
861 1771 996 1824 llaxinrae
1015 1783 1120 1836 qnoque
1137 1767 1270 1822 utilitatis
1295 1766 1322 1820 id
1347 1780 1405 1820 esse

277 1869 367 1930 patet,
387 1863 456 1929 qnod
475 1862 507 1917 cl.
526 1867 620 1915 auctor
639 1861 667 1915 in
686 1861 842 1914 clericorum
862 1862 1039 1930 qeicpprcton·
1056 1857 1177 1926 gratiam
1189 1856 1320 1910 vocabula
1332 1854 1405 1908 tech-

277 1953 343 2008 nica
368 1953 439 2005 ritus
457 1951 549 2020 graeci
569 1950 718 2018 diligenter
736 1950 872 2016 solideque
898 1949 1109 2016 interpretetur,
1137 1945 1303 2001 auctoritate
1321 1945 1404 1998 etiarn

280 2059 297 2096 a
315 2041 423 2112 graecis
441 2041 617 2108 scriptoribus
637 2039 732 2107 petita,
753 2054 785 2092 ex
805 2053 857 2105 qno
876 2037 962 2091 divini
975 2035 1065 2090 Officii
1084 2036 1163 2099 ratio,
1183 2051 1251 2102 qnae
1270 2035 1405 2102 plerisque

278 2145 334 2186 non
363 2129 498 2183 immerito
526 2134 570 2182 sat
589 2127 707 2182 diflicilia
726 2129 850 2190 videtur,
878 2133 974 2195 aperta
998 2125 1056 2194 jam
1084 2141 1116 2178 ac
1143 2124 1231 2178 facilis
1259 2124 1342 2178 etiam
1371 2123 1404 2176 iis

277 2219 390 2282 evadit,
409 2218 455 2285 qui
472 2217 549 2271 libris
569 2219 601 2271 ad
622 2217 692 2270 hunc
711 2232 788 2270 usnm
808 2215 952 2269 commodis
969 2223 1035 2268 arsut
1053 2214 1188 2268 destituti.
1207 2243 1243 2254 -
1263 2213 1313 2266 llis
1332 2212 1404 2266 aliis·

277 2325 333 2377 que
352 2307 572 2376 praeclarissimis
592 2306 670 2360 rebus
690 2307 736 2360 illo
750 2322 803 2360 rino
822 2307 849 2358 in
863 2320 944 2373 opere
956 2303 1092 2358 contentis
1112 2319 1143 2357 ac
1156 2303 1298 2357 laudandis
1310 2317 1404 2371 oppor-

277 2403 348 2452 tnne
378 2397 508 2450 accedunt
533 2397 612 2450 latini
640 2397 775 2450 irliomatis
807 2395 906 2460 ubique
931 2401 1042 2448 serrata
1066 2393 1173 2460 puritas
1203 2401 1232 2446 et
1257 2391 1404 2458 elegantia,

277 2491 408 2554 typorum
434 2487 460 2539 in
485 2485 607 2554 pluribus
633 2484 783 2554 alphabetis
809 2483 939 2537 adbibitis
971 2488 1055 2550 atque
1080 2482 1108 2535 in
1130 2481 1192 2549 jugi
1218 2481 1404 2534 charactemm

281 2575 437 2630 variatione
460 2575 558 2629 erinria
577 2574 716 2634 nitiditos,
742 2589 810 2639 qnae
829 2589 862 2627 ex
881 2572 1039 2640 papyraceis
1057 2570 1173 2639 pagellis
1197 2569 1266 2624 belle
1283 2570 1405 2624 candidis

278 2663 479 2731 artificioseque
504 2664 651 2732 laevigatis
676 2679 728 2716 non
754 2663 813 2716 sine
838 2661 1004 2714 amoenitate
1023 2659 1151 2728 effulget;
1177 2659 1306 2725 deniqne,
1334 2659 1404 2724 qnod

279 2755 310 2810 in
331 2759 410 2807 tanta
428 2753 672 2807 diversissimarum
689 2751 865 2806 materiarum
883 2751 1008 2804 utilitate
1026 2748 1258 2817 opportunitatem
1276 2747 1337 2802 libri
1351 2764 1404 2801 uon

278 2859 378 2913 parum
405 2848 503 2910 anget,
537 2841 658 2896 tenuitas
686 2840 744 2908 ipsa
773 2840 915 2894 voluminis
944 2839 978 2892 ad
1014 2847 1138 2892 octavam
1165 2837 1223 2891 folii
1252 2837 1403 2904 complicati

277 2939 386 3002 partem
406 2930 506 2986 redacti
536 2961 568 2970 -
588 2931 644 2984 Nec
662 2937 795 2996 prostremo
814 2929 1041 2996 praetereundum
1059 2928 1169 2981 silentio
1187 2933 1237 2986 est,
1257 2926 1326 2994 qnod
1345 2927 1404 2994 dig-

277 3019 421 3076 nissimum
446 3036 511 3088 opus
530 3018 708 3074 commendari
733 3017 831 3072 debent
849 3017 1020 3081 universum,
1048 3021 1077 3070 et
1095 3033 1147 3070 non
1167 3017 1240 3083 prior
1265 3016 1323 3083 ejus
1341 3031 1405 3082 pars

278 3117 404 3173 tantum,
430 3110 476 3163 sed
495 3109 587 3164 cadom
606 3123 715 3175 prorsus
742 3107 848 3160 ratione
873 3106 962 3160 altera
986 3120 1091 3173 quoque
1117 3107 1150 3158 de
1170 3107 1314 3158 ambitibus
1334 3107 1405 3158 ‹rrrni

278 3201 378 3266 festu,
404 3214 437 3252 ex
456 3214 508 3264 qua
527 3199 645 3265 nosipsi
664 3197 742 3265 plum
757 3196 814 3264 jam
834 3194 1027 3256 delibavimus,
1052 3195 1197 3262 eademque
1217 3195 1264 3250 iis.
1287 3210 1356 3260 qnae
1375 3193 1403 3248 in

277 3286 365 3358 priori
383 3293 462 3355 parte
481 3287 664 3350 laudavimus,
683 3287 768 3354 digua
786 3300 894 3353 prorsus
914 3300 945 3338 ac
963 3300 1086 3338 consona.
1107 3314 1140 3322 —
1160 3282 1262 3350 Quibus
1281 3283 1404 3337 omnibus

276 3375 471 3440 consideratis,
490 3375 565 3429 robis
585 3375 697 3439 iterum,
723 3374 818 3442 optimi
838 3373 1036 3438 adolescentes,
1064 3379 1198 3426 testamur
1216 3388 1247 3426 ac
1265 3371 1403 3426 confirma·

278 3481 356 3528 mus,
383 3464 456 3520 edito
481 3465 534 3518 isto
553 3464 620 3518 libro
645 3481 716 3518 nuuc
735 3479 831 3518 revera
858 3461 976 3516 feliciter
1001 3461 1149 3530 perfectum
1174 3462 1303 3529 pleneque
1327 3477 1405 3528 prae·

276 3551 378 3608 stitum
397 3567 463 3614 esse,
483 3553 552 3618 quod
565 3568 612 3606 nos
632 3553 691 3620 ipsi,
711 3551 867 3606 exarninnta
886 3551 969 3619 priori
989 3551 1046 3619 ejus
1059 3559 1145 3618 parte,
1160 3551 1217 3616 jam
1230 3550 1404 3618 sperabamus

278 3641 418 3707 futurum,
446 3641 551 3695 scilicet
574 3641 731 3695 universnm
749 3640 928 3694 Nillesiaunm
953 3655 1020 3706 opus
1044 3640 1077 3694 dc
1102 3641 1243 3706 utriusque
1269 3640 1403 3694 Ecclesiae

278 3729 448 3786 Kalendario
473 3729 617 3785 academiis
636 3729 790 3784 clericorum
817 3729 882 3783 baec
908 3728 935 3782 in
955 3728 1046 3782 studia
1071 3729 1286 3783 incumbentibus
1311 3745 1403 3782 veram

276 3835 339 3876 esse
358 3835 388 3872 ac
406 3819 459 3874 dici
477 3825 600 3887 oportere
619 3819 646 3873 in
660 3819 802 3873 scientiam
820 3817 985 3887 liturgicum,
1005 3817 1132 3872 ecclesiae
1144 3817 1304 3886 pmesertim
1316 3818 1403 3872 crien-

276 3909 359 3971 talis,
384 3923 464 3975 qnam
483 3907 599 3962 maxime
618 3908 842 3962 accommodatam
861 3906 1102 3971 introductionem,
1121 3907 1212 3972 vobis,
1235 3906 1403 3960 auditoribus

277 3997 441 4062 carissimis,
470 3997 498 4051 in
530 4012 596 4064 quos
620 3996 786 4050 nobilissima
811 3996 859 4050 illa
884 3995 1028 4063 disciplina
1055 3995 1213 4050 erudiendos
1244 3997 1403 4063 praecipuas

278 4093 389 4143 nostras
413 4103 491 4141 curas
516 4094 545 4140 et
563 4086 743 4156 cogitationes
771 4085 946 4148 conferimus,
974 4085 1142 4151 caeterisque
1166 4085 1288 4140 omnibns
1313 4101 1402 4139 renum

276 4191 417 4230 sacrarum
435 4175 538 4243 cupidis
557 4191 724 4243 summopere
742 4173 985 4228 commendandam.

353 4283 472 4338 Romae
490 4283 535 4338 die
556 4285 579 4336 l.
599 4280 667 4336 Julii
690 4283 764 4336 1881.

735 4411 756 4488 i
779 4407 1013 4493 Stephanus,

389 4534 615 4599 Archiepiscopus
631 4532 781 4598 Philippeo.
796 4535 968 4593 Graecorum,
981 4535 1075 4583 studiis
1089 4548 1220 4582 sacrarum
1235 4533 1401 4594 liturgiarum

495 4615 520 4663 in
535 4613 656 4676 Collegio
671 4614 704 4662 de
719 4614 896 4678 Propaganda
909 4615 977 4662 Fide
990 4614 1112 4676 regendis
1125 4613 1281 4678 praelectus.
