3725 5617
431 654 500 703 Acta
517 649 569 703 snb
586 650 737 703 Athanasio
757 650 872 702 nonduin
893 649 1050 701 confirmato
1072 646 1254 701 roos-1701.
1352 648 1404 700 227

288 778 369 855 fides
390 793 562 874 tribuatur,
587 794 678 856 acsi
702 792 764 856 bae
788 794 880 878 ipsae
903 794 938 856 in
963 790 1114 875 originali
1135 790 1304 853 exhibitae
1328 790 1404 854 fuis·
1429 859 1434 869 1

272 909 367 961 sent
412 899 504 979 Quas
543 899 704 985 perlectas
737 897 831 963 reddi
869 920 1000 983 semper
1031 898 1183 960 volumus
1222 896 1403 961 exhibenti.

259 993 410 1070 Harum
434 1016 620 1071 nostrarum
645 1005 770 1091 duplici
796 1015 920 1069 secreto
942 1004 1049 1088 sigillo
1066 1014 1176 1068 nostro
1201 1026 1266 1089 quo
1282 1014 1318 1066 ut
1333 1004 1406 1067 Rex

249 1106 475 1197 Hungariae
499 1114 641 1193 utimur,
675 1111 881 1198 impendenti
906 1113 1184 1175 communitorum
1209 1113 1338 1196 vigore,
1375 1122 1408 1175 et

245 1222 469 1285 testimonio
507 1220 689 1285 literarum.
737 1220 862 1283 Datum
902 1240 962 1304 per
996 1240 1113 1282 manus
1153 1218 1260 1282 fidelis
1292 1220 1405 1300 nostri,

243 1326 375 1392 nobis
419 1328 548 1392 sincere
584 1326 695 1391 dilecti
731 1324 1013 1389 Reverendissimi
1057 1326 1092 1388 in
1129 1324 1259 1388 Christo
1298 1326 1407 1389 Patris

246 1435 419 1499 Domini
444 1434 604 1520 Leopoldi
631 1434 773 1497 Sanctae
789 1433 958 1496 Romanae
975 1430 1145 1495 Ecclesiae
1165 1432 1275 1495 Titulo
1292 1431 1406 1497 Sancti

251 1540 478 1625 Hieronymi
507 1539 716 1625 Illyricorum
744 1540 931 1623 Presbyteri
958 1538 1147 1602 Cardinalis
1178 1562 1198 1601 a
1221 1538 1404 1620 Kollonicz‚

260 1645 452 1713 Ecclesiae
467 1647 741 1732 lletropolitauae
758 1647 993 1730 Strigouiensis
1010 1645 1296 1731 Archi-Episcopi,
1313 1646 1406 1710 Loci-

264 1775 345 1837 que
373 1776 417 1819 ac
439 1753 627 1819 Comitatus
658 1754 806 1839 ejusdem
838 1754 984 1838 supremi
1014 1775 1054 1815 ac
1082 1754 1232 1837 perpetui
1259 1753 1407 1833 Comitis,

270 1858 438 1926 sumatis
453 1860 659 1944 Hungariae,
684 1861 802 1946 Legati
817 1860 905 1941 Nati,
931 1860 1059 1924 Summi
1083 1870 1115 1922 et
1130 1858 1305 1924 Secretarii
1324 1859 1407 1924 Cau·

279 1964 417 2048 munli,
442 1990 504 2031 nec
528 1991 595 2032 non
612 1967 799 2032 Consiliarii
818 1967 928 2030 Nostri
946 1967 1065 2046 intimi,
1093 1968 1278 2030 incivitate
1296 1976 1407 2031 nostra

279 2070 414 2137 Vienna
427 2074 596 2138 Austriae.
644 2074 708 2137 Die
727 2074 857 2138 decima
872 2082 966 2137 sexta
981 2076 1104 2137 mensis
1117 2072 1290 2137 Februarii
1308 2077 1407 2139 Anno

294 2176 419 2244 llomini
451 2181 625 2246 millesimo
657 2183 896 2245 sexcentesimo
928 2182 1142 2264 nonagesimo
1175 2203 1272 2246 nono.
1327 2181 1409 2264 Reg-

297 2304 403 2351 norum
425 2301 612 2352 nostrorum
628 2288 768 2351 Rotnani
785 2288 906 2364 XLII„
932 2287 1126 2370 Hungariae
1151 2299 1183 2349 et
1206 2287 1406 2374 reliquorum

307 2388 419 2476 XLIV„
442 2395 624 2460 Bobemiae
649 2416 727 2458 vero
752 2417 838 2458 anno
863 2393 1117 2479 quadragesimo
1142 2397 1246 2461 tortio.

381 2518 625 2605 Leopoldus.

615 2634 840 2719 Leopoldus
865 2634 1093 2698 Cardinalis
1117 2659 1136 2698 a
1161 2635 1385 2708 Kollonicz,

709 2742 1011 2827 Archi-Episcopus
1036 2741 1281 2825 Strigonionsis.

396 2868 443 2951 (L.
468 2868 517 2952 S.)
723 2866 860 2930 Comes
885 2867 1042 2930 Samuel
1066 2868 1285 2953 Kalnocky.

382 2988 512 3077 l'opiam
538 2992 623 3056 hanc
649 3014 726 3055 cnm
751 3014 809 3055 suo
835 2991 987 3075 originali
1012 3013 1072 3077 per
1093 2994 1203 3055 omnia
1228 3015 1406 3056 consonam

322 3102 376 3175 esse,
394 3109 536 3163 attestor.

382 3212 534 3294 l'iennac,
560 3215 613 3278 28.
639 3215 813 3278 Februarii
842 3215 938 3279 1699.

579 3331 802 3416 Leopoldus
827 3330 1052 3395 Cardinalis
1077 3357 1095 3395 a
1121 3331 1341 3413 Kollonirz,

675 3438 979 3522 Archi-Episcopus
1003 3439 1247 3523 strigoniensis,

832 3663 862 3713 a.

336 3741 528 3825 instructio
564 3759 606 3824 ‹lo
640 3778 708 3825 usu
742 3760 924 3826 ‹laosarei
958 3760 1192 3843 diplomatis
1224 3778 1243 3825 a
1275 3762 1387 3824 Statu

370 3864 559 3932 ‹ratholico
585 3865 677 3931 «lata
702 3866 919 3932 Athanasio
946 3866 974 3931 d.
1002 3869 1052 3932 tr.
1078 3866 1206 3931 llartii
1237 3868 1330 3932 1699.

342 4007 408 4084 llint
423 4025 461 4108 jo
484 4024 589 4087 altaro
617 4027 782 4089 uramnak
913 4024 1030 4095 Dno.¹l
1057 4024 1374 4088 Benevolentissimo

475 4130 538 4194 stb.
563 4134 623 4196 stb.
1112 4141 1172 4195 etc.

355 4257 491 4329 «tharam
544 4264 819 4349 Kagyelmcdnek
921 4264 1102 4327 Certiorem
1128 4265 1229 4329 reddo
1258 4266 1411 4329 Domina-

314 4364 426 4434 taceare
459 4372 599 4450 adnom3
634 4374 706 4434 mar
737 4373 819 4433 isten
875 4372 998 4432 tionem
1013 4370 1137 4453 Vnam„
1155 4370 1330 4434 advenisse
1339 4393 1411 4456 jam

337 4574 351 4638 ¹1¹
366 4591 440 4652 Quum
461 4597 553 4644 harum
573 4595 706 4643 literarum
728 4595 873 4642 versionem
894 4593 988 4641 nullibi
1010 4592 1113 4642 licuerit
1132 4594 1234 4651 videre,
1254 4609 1298 4642 eas
1317 4594 1411 4642 lectori

367 4662 569 4729 Hungaricamm
588 4666 724 4715 literarum
744 4666 843 4730 experti
863 4665 945 4714 latine
966 4664 1107 4716 reddimus.

1198 4754 1250 4805 ms
