3725 5617
364 633 418 684 900
555 630 586 683 L.
605 630 639 685 V.
677 630 717 683 De
736 629 841 683 Unione
859 628 1046 682 Ruthanorum
1063 632 1092 682 et
1111 629 1307 683 Armeniorum.

365 785 433 836 mur,
454 769 570 839 aecipite
589 786 629 835 ea,
649 785 718 837 quae
737 770 809 824 circa
826 773 1057 824 sacramentorum
1076 770 1355 827 administrationem
1375 773 1506 840 praescri·

365 861 476 927 buntur,
495 865 524 917 et
542 862 575 915 de
593 861 752 915 necessariis
776 860 848 914 circa
869 860 1032 929 gubernium
1057 859 1230 915 ecclesiarum
1258 865 1425 916 vestrarum
1448 878 1507 930 pro-

366 950 430 1004 vida
448 949 644 1005 deliberatione
663 966 680 1002 a
697 949 782 1015 nobis,
801 953 834 1003 ut
851 949 983 1016 seqnitur,
1002 950 1173 1002 statuuntur.

830 1119 1024 1174 Secundo.

721 1254 791 1305 De
810 1252 1132 1305 sacramentis.

429 1398 532 1465 =6uput
552 1402 576 1449 1.
608 1395 648 1449 De
666 1393 843 1448 sacramentis
861 1393 890 1447 in
909 1408 1017 1461 genere.
1044 1423 1074 1432 -
1104 1393 1131 1463 ἕ.
1155 1399 1176 1446 1.
1203 1394 1245 1448 De
1264 1403 1505 1451 sacramentorum

606 1499 725 1539 numero.
755 1513 788 1523 -
817 1482 844 1553 ᾗ.
862 1487 888 1537 2.
918 1484 957 1537 De
986 1482 1107 1536 efficacia
1131 1488 1160 1537 et
1182 1483 1292 1538 virtute
1317 1497 1505 1542 sacmmauto

606 1588 674 1627 rum.
688 1603 722 1613 —
741 1573 768 1638 §.
785 1578 811 1627 3.
831 1573 870 1627 De
889 1572 1044 1626 charactera
1062 1579 1303 1628 sacramentorum.
1325 1606 1364 1615 —
1386 1578 1414 1641 ῥ’.
1429 1584 1453 1631 l.
1468 1579 1507 1631 De

607 1662 762 1716 reverentia
784 1661 961 1715 sacramentis
978 1661 1108 1715 habenda.

440 1752 532 1820 (kaput
550 1756 575 1804 2.
603 1752 644 1804 De
663 1750 805 1817 baptismo.

441 1842 532 1909 turpat
551 1846 576 1893 3.
604 1840 645 1893 De
663 1840 873 1895 confirmatione.

442 1931 532 1998 (supet
552 1935 577 1983 4.
605 1930 646 1983 De
664 1928 836 1984 eucharistia.
855 1959 889 1968 —
909 1928 936 1997 ἕ.
955 1931 1029 1982 craia
1052 1929 1090 1982 De
1108 1944 1127 1981 s.
1147 1928 1288 1997 Liturgiu.

441 2020 531 2087 Caput
551 2022 575 2072 5.
606 2020 646 2072 De
664 2017 839 2086 poenitentia.
852 2048 881 2058 -
904 2017 930 2083 ἕ.
951 2024 975 2071 1.
996 2018 1035 2072 De
1053 2018 1144 2086 sigillo
1163 2021 1373 2074 sacramentali.
1395 2052 1423 2061 -
1441 2022 1468 2086 §1
1482 2028 1508 2075 2.

607 2107 647 2161 De
665 2106 854 2173 indulgentiis.

442 2198 532 2265 disput
551 2202 575 2250 6.
605 2196 645 2249 De
663 2202 785 2250 extrema
802 2195 937 2249 unctione.

441 2288 533 2356 Caput
553 2290 576 2339 7.
604 2286 645 2339 De
669 2289 837 2339 sacramento
861 2284 970 2338 ordinis.
996 2314 1029 2324 -
1054 2289 1081 2347 §-
1101 2290 1125 2337 1.
1152 2284 1193 2337 Da
1215 2286 1307 2351 prima
1335 2293 1455 2343 tonsura
1479 2296 1508 2343 et

609 2380 726 2442 quatuor
750 2373 906 2429 minoribus.
936 2404 972 2412 -
999 2374 1025 2441 ἕ.
1044 2378 1070 2426 2.
1100 2373 1139 2427 De
1156 2373 1364 2431 subdiaconatu
1393 2384 1423 2432 et
1451 2381 1507 2434 dia·

608 2468 715 2518 conatu.
744 2493 778 2503 —
806 2461 832 2532 ἕ.
852 2467 877 2516 3.
897 2462 937 2516 De
956 2462 1152 2530 presbyteratu.
1176 2492 1209 2501 -
1235 2462 1264 2531 5.
1284 2469 1311 2518 4.
1336 2467 1379 2520 De
1397 2467 1508 2522 dotibus

608 2552 636 2606 in
656 2552 803 2606 ordinando
822 2550 968 2617 requisitis.
989 2580 1022 2590 -
1041 2551 1067 2613 §.
1088 2555 1112 2604 5.
1141 2551 1182 2605 De
1200 2552 1384 2609 ordinatione
1403 2556 1507 2611 Ratira·

606 2657 701 2695 norum
719 2641 747 2694 in
766 2640 881 2694 dioecesi
900 2640 1036 2708 Agriensi.

442 2733 534 2800 Carpat
556 2735 582 2784 8.
613 2731 651 2784 De
669 2734 838 2784 sacramento
862 2728 1036 2784 matrimonii.
1062 2759 1096 2768 -
1120 2728 1146 2795 §.
1167 2734 1191 2783 1.
1218 2730 1260 2785 De
1277 2731 1510 2789 solemnitatum

608 2818 782 2873 matrimonii
802 2849 836 2858 -
855 2818 882 2888 ἕ.
901 2823 926 2871 2.
953 2818 993 2871 De
1011 2817 1219 2885 impedimentis,
1240 2821 1405 2887 etquidem
1425 2824 1509 2892 impe·

609 2908 745 2961 dientibns
764 2913 881 2963 tantum.
896 2938 929 2947 -
943 2908 970 2975 §.
985 2913 1009 2961 3.
1030 2907 1070 2961 De
1083 2906 1285 2975 impedimentis
1299 2910 1509 2968 dirimentibus.

855 3104 1003 3159 Tertio.

680 3240 749 3290 Da*
770 3252 885 3290 cura
904 3240 1172 3289 animarum.

442 3384 534 3452 Caput
553 3388 578 3435 1.
607 3380 647 3433 De
666 3386 742 3432 statu
761 3379 919 3432 animarum.

441 3473 532 3541 Caput
551 3475 576 3524 2.
605 3469 645 3522 De
664 3468 843 3522 concionibus.

441 3562 533 3629 (lrpct
551 3565 575 3613 3.
604 3558 645 3611 De
664 3557 802 3619 catechesi,
822 3572 868 3609 sen
888 3557 1012 3610 doctrina
1030 3555 1187 3611 christiana
1201 3586 1235 3596 —
1256 3557 1283 3622 §.
1306 3563 1386 3615 anic.
1406 3560 1446 3615 De
1462 3574 1501 3613 aa·

607 3647 742 3699 lutatione
760 3646 892 3713 angelica.

442 3739 532 3806 Caput
551 3742 575 3791 4.
606 3737 646 3790 De
665 3751 729 3788 cura
747 3734 912 3788 infirmorum
931 3734 1125 3789 Ruthanorum.

441 3828 533 3895 Caput
552 3828 576 3878 5.
606 3824 645 3878 De
664 3824 803 3877 usurariis.

442 3918 532 3985 Caput
552 3920 576 3968 6.
606 3914 646 3967 De
665 3913 842 3967 violatoribus
861 3913 1001 3966 festorum.

442 4006 533 4073 Caput
555 4007 578 4057 7.
608 4003 648 4055 De
666 4002 821 4070 sepulturis.

844 4180 1006 4242 Quarto.

661 4315 730 4365 Do
750 4329 865 4366 (arura
884 4314 1201 4366 (ecelesiarum.

442 4459 534 4526 (ἴαμα
552 4460 576 4508 1.
605 4456 645 4509 De
663 4455 756 4509 decore
775 4454 910 4510 ecclesiae.

441 4548 531 4615 Capul
550 4549 575 4599 2.
604 4545 643 4598 De
657 4545 718 4598 dote
731 4544 911 4606 ecclesiarum,
930 4543 982 4610 piis
996 4542 1105 4611 legatis,
1124 4541 1297 4610 caeterisque
1310 4543 1489 4613 proteantur.

441 4639 532 4704 (apul
550 4640 575 4687 3.
604 4635 643 4687 De
662 4633 793 4687 ministris
813 4633 948 4687 ecclesiae.
