3725 5617
367 642 422 697 638
542 641 572 695 L.
591 641 643 696 111.
682 641 722 696 De
739 640 855 696 historia
873 642 1002 698 eeclesiae
1020 644 1202 698 anenorum
1220 646 1324 700 unitae.

367 786 549 870 scripturus
568 806 669 863 eram,
693 786 758 849 nisi
778 788 947 869 negotium
967 787 1215 852 adolescentum
1231 788 1363 854 illorum
1387 790 1505 855 medio

366 892 580 957 Paternitatis
603 892 741 956 Vestrae
766 892 865 959 Adm.
890 893 1107 958 Reverendae
1141 895 1334 960 inchoatum
1366 918 1426 961 me
1450 920 1506 961 ur·

367 1007 474 1084 geret,
511 1009 544 1062 et
573 1021 729 1084 praesens
760 999 843 1063 haec
875 1002 1005 1064 occasio
1037 1010 1108 1066 tuta
1139 1025 1173 1067 se
1198 1002 1280 1067 mihi
1311 1002 1505 1069 obtulisset.

367 1107 499 1191 Rogant
528 1106 754 1170 commendari
778 1105 1004 1170 adolescentes
1033 1106 1099 1190 illi,
1136 1132 1275 1195 quorum
1306 1112 1506 1175 testimonia

368 1219 402 1281 in
426 1216 585 1303 Ejusdem
611 1217 766 1282 manibus
798 1219 963 1300 existunt,
996 1228 1033 1281 ut
1055 1217 1181 1302 aliquid
1207 1219 1287 1280 certi
1319 1219 1405 1303 ipsis
1429 1240 1504 1304 per·

367 1323 545 1389 scriberem
570 1323 633 1388 hoo
657 1324 768 1388 adhuc
789 1335 950 1389 autumno
976 1326 1064 1388 cirea
1086 1324 1311 1388 conditionem
1328 1324 1504 1390 Viennen-

368 1452 448 1513 sem,
473 1440 510 1495 ut
533 1432 657 1495 seirent
680 1441 783 1495 semet
807 1431 960 1515 dirigere,
985 1431 1066 1518 quid
1081 1432 1207 1495 interea
1231 1432 1312 1517 ipsis
1326 1432 1503 1516 agendum

367 1537 467 1621 foret3
502 1537 591 1624 qnod
615 1548 725 1602 antem
750 1532 839 1602 istud
863 1548 930 1602 tam
955 1549 1090 1624 repente
1122 1538 1193 1602 fieri
1217 1548 1378 1624 nequeat,
1414 1539 1504 1604 bene

368 1646 454 1727 sci03
478 1646 559 1732 quid
582 1655 693 1709 autem
718 1645 836 1709 iisdem
860 1643 998 1709 rescribi
1023 1648 1135 1731 possit,
1160 1667 1226 1709 non
1251 1646 1410 1728 invenio,
1436 1648 1502 1712 nisi

369 1751 496 1816 Eadem
528 1752 712 1816 Paternitas
743 1753 822 1817 Vra.
860 1752 942 1815 mihi
979 1753 1161 1838 quidquam
1199 1750 1328 1816 consilii
1365 1775 1501 1838 sugges

368 1859 456 1924 serit.
505 1857 604 1939 Quod
628 1868 664 1922 ut
686 1858 828 1941 faceret,
852 1881 981 1922 summe
1005 1881 1115 1925 exoro.
1162 1859 1394 1923 Praesentium
1421 1881 1500 1923 vero

368 1967 515 2047 latorem,
539 1967 670 2030 unitum
686 1965 927 2051 presbyterum,
952 1968 987 2029 in
1011 1966 1106 2051 eujus
1123 1988 1223 2029 causa
1239 1968 1382 2050 ipsemet
1399 1967 1500 2031 Vien-

368 2096 432 2138 nae
465 2074 544 2138 satis
568 2075 637 2165 egi,
671 2073 791 2137 Eidem
815 2074 974 2159 perenixe
1007 2072 1219 2152 commendo,
1255 2094 1320 2158 quo
1351 2073 1499 2137 eundem

368 2180 465 2268 piene
495 2180 628 2260 audire,
665 2191 698 2243 et
726 2178 784 2244 ubi
810 2181 990 2260 censuerit,
1025 2178 1257 2243 commendare
1291 2200 1357 2243 non
1385 2179 1500 2264 dedig-

368 2296 519 2370 naretur,
552 2309 605 2351 me
636 2296 746 2351 autem
777 2287 916 2373 pristino
948 2285 1200 2349 benevolentiae
1233 2297 1265 2349 et
1294 2285 1424 2351 favoris
1455 2288 1499 2351 af-

368 2395 458 2460 feotu
494 2393 637 2479 amplius
669 2395 823 2479 prosequi
862 2404 895 2456 et
926 2392 1056 2474 fovere,
1092 2391 1394 2479 quemadmodum,
1433 2395 1498 2457 imo

369 2500 511 2587 amplius
541 2500 706 2565 desolatae
736 2499 895 2564 ecclesiae
928 2498 1029 2584 hujus
1057 2509 1175 2563 sortem
1211 2509 1243 2562 et
1266 2501 1402 2583 negotia
1434 2499 1497 2563 sibi

369 2608 601 2673 commendata
630 2606 769 2689 habere,
801 2616 934 2670 etcum
958 2607 1014 2685 iis,
1051 2607 1105 2691 qui
1132 2606 1175 2669 ad
1207 2606 1278 2691 ejus
1302 2628 1419 2670 curam
1444 2629 1499 2670 vo·

369 2718 435 2781 cati
466 2725 558 2798 sunt,
594 2716 629 2779 in
652 2712 752 2778 rebus
782 2713 920 2798 agendis
953 2735 987 2776 se
1011 2712 1169 2799 deinceps
1200 2735 1331 2799 quoque
1363 2712 1498 2777 cointel-

368 2823 480 2910 ligere.
529 2821 659 2904 Quibus
689 2844 742 2886 me
765 2831 973 2907 peccatorem
1004 2821 1037 2884 in
1063 2842 1173 2884 sacras
1196 2819 1356 2905 Ejusdem
1383 2842 1500 2906 preces

370 2931 608 2995 commendans
626 2929 721 3015 jugio
746 2927 958 2993 bservantiae
979 2926 1070 2991 cultu
1093 2947 1268 3013 persevero
1285 2925 1500 2991 Baldssalvae

371 3039 401 3106 8.
426 3036 582 3105 Octobris
609 3037 694 3102 1768

553 3170 766 3235 Paternitatis
790 3169 892 3232 Vrae.
917 3167 1016 3230 Adm.
1043 3166 1145 3232 Rdae.

829 3290 1036 3355 humillimus
1060 3292 1094 3353 in
1120 3288 1251 3353 Christo
1275 3310 1393 3353 servus

960 3416 996 3479 P.
1022 3416 1213 3500 ignatius.
