3725 5617
681 626 710 681 h.
733 626 767 679 11.
805 628 844 679 De
866 627 968 680 L'nione
987 626 1175 680 Rumenorum.

541 859 586 911 Ex
606 857 692 911 sctis
712 858 836 925 primae
855 857 972 924 synodi
992 857 1147 922 ε’νωιικιζς
1166 872 1213 912 an.
1235 855 1313 911 1697.

457 994 525 1075 (Ex
537 1015 601 1079 quo
612 992 846 1057 Transilvania
858 993 901 1057 ad
915 993 1075 1058 ditionem
1089 992 1354 1076 Angustissimae
1367 992 1486 1054 Domus

368 1102 564 1165 Austriacae
595 1100 724 1180 rediit.)
761 1101 876 1185 majori
911 1122 954 1163 ex
985 1108 1077 1185 parte
1108 1099 1266 1163 ecclesiae
1291 1097 1486 1162 Valachicse

368 1209 552 1293 persecutio
577 1209 736 1287 cessavit,
770 1206 917 1292 nihilque
947 1206 989 1270 ad
1015 1206 1234 1270 desideratam
1259 1227 1378 1291 pacem
1401 1203 1486 1269 aliud

368 1315 555 1400 requiritur,
581 1337 680 1399 quarn
705 1324 742 1377 ut
765 1312 807 1376 de
825 1315 955 1377 Unione
971 1313 1048 1377 fidei
1074 1335 1149 1376 cum
1166 1312 1331 1376 catholica
1345 1312 1487 1375 Romana

367 1420 519 1485 Ecclesia
543 1430 710 1485 tractetur.
728 1459 770 1466 -
788 1419 1070 1505 Archiepiscopus
1093 1422 1211 1504 prioris
1227 1418 1389 1482 ecclesiae
1408 1418 1488 1481 facie

367 1540 508 1608 ostensa,
533 1528 783 1613 depraedicavit
800 1526 975 1590 utilitatem
993 1536 1026 1589 ct
1041 1527 1175 1602 bonum,
1197 1525 1286 1610 quod
1301 1548 1343 1588 cx
1363 1525 1489 1588 lJnione

367 1634 550 1699 resultaret.

630 1813 676 1865 Ex
695 1812 824 1878 Synodo
843 1813 920 1865 anui
942 1812 1011 1866 1701
1028 1811 1094 1878 jam
1114 1810 1230 1864 citata.

460 1939 572 2018 Quum
596 1939 686 2022 (ista)
711 1961 786 2001 cum
811 1938 968 2021 lacrymis
992 1940 1274 2022 conspiceremus,
1301 1938 1411 2000 visum
1435 1947 1491 2010 est,

368 2056 405 2108 nt
426 2046 460 2108 in
476 2047 638 2130 gremium
655 2043 795 2108 Sanctae
811 2045 980 2108 Romanae
998 2043 1166 2107 Ecclesiae
1187 2066 1246 2107 nos
1260 2045 1492 2128 reciperemus.

886 2310 917 2398 §-
941 2311 972 2377 a

798 2439 914 2487 Octavus
938 2439 992 2501 jam
1018 2438 1133 2486 volvitur
1152 2453 1250 2495 annus,
1279 2438 1350 2501 quud
1379 2452 1460 2501 opera

743 2535 772 2567 ac
793 2519 900 2567 solertia
920 2522 1028 2568 Patrum
1048 2517 1459 2583 S.J.,A1bae-Ju1iaedegen-

742 2601 815 2656 tium,
836 2601 869 2647 de
887 2601 984 2647 unione
997 2615 1056 2646 cum
1072 2601 1170 2646 Sancta
1184 2597 1460 2646 Romano-catholica

744 2679 865 2728 Ecclesia
884 2694 962 2741 agere
981 2680 1125 2742 coepimus.
1146 2677 1285 2741 (Synodl

643 2803 680 2864 lto
700 2803 816 2864 ononis
836 2802 1216 2875 rossilionensem.

368 2962 414 3015 Ex
433 2960 550 3017 histor.
570 2978 659 3015 mser.
681 2961 900 3014 llesideutiae
920 2962 945 3014 S.
958 2961 984 3015 J.
999 2960 1252 3015 Albae-Juliae:
1274 2961 1389 3029 (aden.
1405 2961 1492 3013 lom..

458 3086 571 3166 Quum
605 3087 779 3150 societatis
812 3089 892 3149 lesu
928 3088 1041 3149 Patres
1074 3086 1291 3171 apostolieum
1326 3108 1409 3172 opus
1442 3109 1491 3170 ag-

366 3196 481 3278 gressi,
501 3194 572 3279 jam
591 3196 717 3257 variam
743 3217 877 3278 operam
903 3197 935 3257 in
962 3194 1143 3257 erudiendo
1159 3192 1385 3258 Valaehorum
1408 3192 1492 3256 clero

367 3313 468 3387 atque
500 3303 533 3365 iu
567 3301 653 3365 loliis
685 3301 856 3364 haereseos
881 3326 897 3362 e
923 3304 1056 3363 natione
1088 3299 1298 3364 eradicandis
1330 3310 1363 3362 ct
1393 3299 1492 3363 schis-

369 3419 456 3472 mate
488 3408 528 3471 de
561 3407 731 3470 hominum
764 3410 884 3470 animis
915 3407 1087 3470 evellendo
1117 3406 1348 3488 collocassent,
1386 3418 1417 3470 ct
1449 3408 1492 3470 in·

368 3537 468 3599 super
506 3513 734 3576 Sais-ratissima
776 3513 843 3577 Sua
876 3512 1038 3576 (faceres
1079 3515 1234 3599 llajcstas
1273 3537 1361 3578 antio
1398 3514 1492 3580 1692.

368 3619 472 3683 literis
496 3621 548 3683 23.
574 3620 716 3701 Augusti
743 3623 919 3706 conceptis,
946 3621 1131 3684 sacerdotes
1154 3623 1264 3704 graeci
1285 3623 1368 3684 ritus
1386 3622 1494 3684 unitos

370 3728 547 3811 participes
568 3727 765 3790 reddidisset
783 3729 929 3790 ornnium
944 3728 1069 3812 jurium
1093 3753 1131 3790 ac
1148 3727 1398 3813 privilegiorum
1415 3727 1491 3791 cleri

370 3833 478 3897 latini:
504 3833 712 3897 commodum
732 3833 961 3898 Albae-duliae
987 3834 1177 3897 morabatur
1201 3845 1233 3896 et
1257 3833 1354 3897 simul
1380 3834 1488 3898 domni

369 3942 543 4003 societatis
575 3942 774 4025 praccrat¹)‚
806 3940 941 4024 parochi
968 3963 1103 4004 1nuncre
1127 3941 1285 4025 fungens,
1318 3941 1355 4005 P.
1380 3939 1489 4004 Ladis·

369 4047 440 4111 laus
464 4048 620 4130 Baranyi.
646 4050 701 4132 qni
727 4046 922 4110 tinniliacius
948 4050 978 4110 in
1006 4049 1153 4110 animum
1179 4046 1373 4131 Theophili,
1398 4045 1489 4109 Valu-

369 4153 507 4217 chorum
532 4155 715 4236 rlntistitis,
751 4164 942 4238 penctrans,
980 4157 1090 4217 neseio
1115 4178 1178 4239 qna
1205 4153 1380 4238 indagine.
1405 4151 1487 4238 quod

404 4353 421 4396 Ι1
444 4355 534 4400 Patres
553 4353 579 4397 S.
600 4353 626 4415 J.
646 4366 693 4414 per
712 4352 738 4399 id
757 4359 859 4414 tempus
884 4352 937 4399 lere
957 4352 1028 4399 solos
1048 4353 1150 4400 vincam
1172 4352 1279 4400 Domini
1300 4350 1486 4416 Albae-Julius

440 4423 595 4479 excoluisse,
615 4438 646 4469 ex
666 4422 776 4471 historia
796 4439 859 4472 msc.
882 4424 1055 4472 Residentiae
1076 4423 1203 4472 Albensis
1223 4421 1406 4471 confirmatum
1426 4422 1486 4484 legi·

442 4509 505 4542 rrius.
538 4495 577 4540 En
598 4494 646 4542 tihi
667 4509 698 4541 ex
718 4494 806 4541 multis
826 4495 1005 4543 testimonium
1025 4510 1113 4552 unuin,
1133 4497 1204 4558 qnod
1225 4511 1256 4542 cx
1275 4495 1368 4542 eadem
1383 4494 1487 4543 historie

441 4566 604 4629 desumptum
641 4567 756 4612 rcl'cruut
792 4568 905 4613 ,lnuuae
942 4566 1076 4614 Missionis
1112 4567 1227 4614 Dacicae
1261 4567 1294 4613 ad
1330 4581 1372 4614 au.
1412 4565 1485 4625 1694:

441 4643 526 4698 Quum
548 4636 588 4685 his
608 4638 633 4685 in
654 4637 772 4699 partibus·
794 4652 838 4699 per
857 4636 995 4700 complura
1014 4638 1093 4684 etiam
1114 4637 1238 4686 milliaria
1258 4636 1359 4684 nullum
1380 4636 1486 4699 reperire
