3725 5617
553 647 632 701 Gard.
651 647 800 702 Ptolomaei
820 647 924 702 deuon
943 648 1122 716 promovendo
1142 648 1170 701 P.
1190 648 1309 704 Salemo.
1426 651 1494 703 1015

442 789 506 843 Alia
524 790 557 844 de
576 789 704 843 Patribus
722 790 749 847 S.
761 790 787 844 J.
807 790 1007 845 familiarium
1026 806 1085 845 cum
1104 790 1369 845 Marrrocordatorum
1388 790 1494 844 familia

368 878 521 947 conjunctis
546 868 633 932 risum
664 894 717 933 uon
742 890 784 933 est
810 879 975 934 adscribere.
1003 896 1085 946 quum
1110 881 1145 936 bl.
1165 883 1197 935 Δ.
1217 880 1242 934 J.
1270 876 1439 934 Odobescu
1465 881 1493 934 iu

369 983 474 1036 nupera
499 984 549 1022 sua
574 968 608 1021 ad
632 968 738 1036 regium
762 968 944 1023 ministerium
970 968 1157 1022 instructionis
1180 969 1303 1037 publicae
1328 969 1402 1022 iacta
1426 970 1494 1023 rela-

369 1058 469 1122 tioue¹l
490 1073 537 1110 uos
556 1056 584 1110 iu
603 1072 677 1124 spem
697 1073 823 1126 magnam
843 1066 884 1118 et.
905 1058 1125 1123 quemadmodum
1145 1058 1314 1123 confidimus,
1339 1075 1430 1113 veram
1448 1060 1493 1112 ad-

368 1146 495 1209 duxerit,
522 1146 580 1200 fore
605 1153 637 1200 ut
663 1146 744 1215 louge
762 1146 841 1214 plura
869 1147 901 1201 de
921 1146 1015 1201 iisdem
1039 1147 1217 1201 missiouariis
1240 1148 1400 1202 documenta
1425 1163 1493 1214 quae

369 1236 435 1302 ipse,
460 1234 598 1288 tabularia
617 1236 783 1290 Parisieusia
801 1235 834 1289 de
852 1237 980 1289 mandato
1000 1235 1118 1304 ejusdem
1137 1236 1280 1292 ministerii
1299 1244 1493 1305 perscrutatas.

369 1324 467 1379 exinde
486 1325 618 1383 enotavit.
639 1342 699 1378 mox
718 1324 747 1379 iu
766 1326 851 1379 lucem
870 1325 1006 1392 publicam
1024 1326 1146 1379 edantur.

392 1592 439 1644 Ad
465 1607 537 1660 pag.
556 1593 745 1646 sar-429.
774 1623 807 1631 -
837 1594 961 1647 Votum
987 1592 1409 1648 Cardinalisl‘tolomaei
1437 1594 1476 1648 de

387 1684 389 1688 ’
621 1697 686 1735 nou
705 1683 940 1749 promovendo
962 1683 1066 1737 l‘atre
1085 1683 1242 1736 Salerno.

444 1832 547 1899 liparae
566 1832 682 1900 pretium
700 1833 773 1895 dum,
794 1834 893 1887 Votum
912 1834 986 1887 dicta
1004 1833 1053 1887 illa
1071 1834 1114 1887 die
1133 1835 1175 1895 29,
1196 1833 1354 1888 Nouembris
1379 1836 1407 1889 in
1427 1835 1494 1888 Con·

367 1921 481 1974 sistorio
504 1928 607 1975 secreto
631 1920 665 1975 ab
684 1922 904 1977 Eminentissimo
934 1938 948 1976 e
973 1923 1109 1976 Societate
1131 1923 1197 1978 Jesu
1222 1923 1364 1978 cardinale
1387 1924 1493 1978 Joaume

367 2010 498 2078 Baptista
516 2009 672 2065 Ptolomaeo
690 2011 783 2065 (latum
803 2010 845 2065 hic
864 2011 1024 2074 describere,
1050 2028 1131 2078 apiriam
1150 2013 1184 2066 ad
1203 2027 1347 2080 paucorum
1366 2014 1492 2067 notitiam

366 2099 525 2166 pervenisse
544 2099 634 2152 sciam.
672 2099 715 2154 Sic
733 2099 825 2154 habet:

443 2205 634 2259 Gratulatione
653 2206 745 2261 debita
764 2214 944 2275 prosequutus
957 2208 1106 2275 insignium
1120 2210 1239 2262 virorum
1257 2209 1416 2263 electionem
1434 2225 1493 2277 pro·

369 2294 506 2357 meritam,
526 2310 597 2360 quos·
611 2311 688 2349 suum
702 2296 820 2363 ipsorum
833 2313 928 2350 nornen
942 2297 1086 2357 consulate,
1100 2298 1260 2370 Sanctitutis
1273 2303 1364 2352 autem
1378 2298 1493 2353 Vestrae

366 2383 520 2437 nominatio
548 2384 728 2451 copiosissime
754 2386 923 2440 commendat
948 2395 976 2440 et
1001 2385 1145 2455 approbat,
1175 2387 1204 2440 iu
1224 2386 1330 2441 illorum
1354 2404 1407 2441 uuo
1432 2404 1492 2441 con·

367 2473 447 2536 sisto,
466 2473 542 2541 cnjus
562 2479 686 2543 respectu
704 2475 840 2528 conuersis
859 2460 956 2529 officiis
969 2490 1088 2529 mearum
1106 2476 1226 2544 partium
1239 2492 1297 2529 esse
1313 2476 1388 2540 draeo,
1407 2492 1493 2543 neque

367 2561 545 2630 applaudere,
571 2578 657 2629 neque
676 2578 795 2617 auuuere
813 2563 995 2631 designationi
1022 2571 1050 2618 et
1074 2565 1272 2618 renunciationi
1293 2564 1408 2619 Vestrae
1426 2566 1493 2620 Bea-

367 2650 512 2718 titudinis3
543 2651 590 2705 sed
615 2652 693 2718 quasi
718 2653 901 2720 procuratorio
927 2653 1033 2706 uomiue
1059 2669 1106 2707 seu
1132 2654 1303 2722 negotiorum
1327 2662 1421 2722 gestor
1446 2671 1493 2722 pro

368 2740 454 2793 Patre
478 2741 588 2795 Salemo
613 2741 647 2794 ad
666 2741 860 2809 deprecandam
887 2742 1046 2797 electionem
1071 2748 1127 2796 tam
1151 2742 1235 2796 altam
1260 2745 1418 2810 gratiasque
1445 2760 1493 2812 pro

368 2829 463 2882 eadem
483 2829 526 2884 ael
545 2830 577 2884 de
595 2830 653 2883 sola
672 2829 854 2884 destinatione
873 2831 1067 2897 prolixissimae
1091 2832 1211 2899 agendas
1235 2847 1323 2885 coram
1341 2832 1493 2886 Sanctitate

369 2918 472 2971 Vestra
489 2919 675 2986 procumberc;
694 2935 726 2973 ac
744 2919 825 2974 liceat
843 2935 896 2985 qua
915 2920 1021 2982 verbis,
1041 2936 1094 2986 qua
1112 2937 1192 2974 sensu
1211 2920 1236 2974 d.
1256 2920 1387 2974 Bemardi
1406 2921 1493 2974 veluti

371 3022 461 3059 auram
481 3013 614 3071 orantem,
639 3015 667 3061 et
686 3023 793 3062 musam
812 3024 887 3062 suam
907 3017 1035 3076 agentem
1054 3008 1140 3075 ipsum
1161 3009 1327 3077 Religiosum
1346 3010 1434 3063 virum
1453 3008 1492 3062 iu-

368 3096 480 3150 ducere:
503 3097 626 3160 l'urcils,
651 3099 733 3150 lbrler
751 3100 861 3151 Srrrraela.
882 3115 1008 3150 coeranus
1029 3103 1053 3149 et
1074 3106 1246 3150 ‹ra-arminiam
1267 3115 1326 3151 sese
1345 3100 1380 3151 ab
1399 3115 1493 3150 ‹naucra-

368 3186 481 3237 aissinro
500 3186 614 3250 horrore,
634 3194 659 3236 al
678 3187 812 3238 sciscianus
832 3188 893 3239 sirie
909 3205 1012 3255 polipus
1033 3192 1057 3238 et
1077 3189 1138 3240 aine
1153 3188 1279 3255 pharia-ria
1298 3188 1374 3240 nicini
1395 3189 1494 3254 {aripra-

368 3290 449 3341 spere
472 3276 502 3325 in
521 3276 614 3327 anano
635 3276 751 3328 Danuuii
770 3283 940 3330 currentem.
969 3278 1020 3329 imo
1038 3293 1090 3344 pro
1108 3277 1177 3341 fiala,
1200 3294 1252 3344 pro
1273 3277 1417 3345 reliqiune.
1440 3292 1493 3344 pro

368 3365 528 3416 ,barcaniare
553 3363 613 3416 l'ru.
641 3366 669 3416 in
689 3366 858 3431 solatiando
879 3371 905 3417 et
925 3366 1129 3432 limpidissimis
1150 3365 1290 3433 lapidibus
1316 3366 1349 3417 rie
1368 3366 1494 3418 Jordaae

367 3452 436 3503 bene
461 3453 657 3520 lirrtunateque
673 3455 780 3521 pradia
802 3454 920 3506 Ilornini
934 3455 1135 3521 proeliantem
1159 3456 1282 3522 μανείη.
1305 3456 1431 3522 iuquam,
1451 3457 1493 3507 in·

368 3540 487 3593 usitatis
505 3543 607 3598 rarioris.
636 3548 661 3594 et
682 3560 751 3594 rarii-u
772 3543 915 3610 ‹elrlornprle
941 3551 1071 3596 interminus
1091 3545 1193 3613 pricipis.
1222 3562 1304 3611 quum
1323 3545 1492 3597 irrslruclnnr

368 3637 426 3680 tara
460 3631 562 3682 aaran>
592 3632 703 3688 iliacae.
734 3632 817 3683 cirillia
846 3638 958 3690 cerritu,
994 3634 1122 3702 arrrbiquo
1151 3635 1226 3685 emila
1259 3635 1297 3686 irc
1326 3636 1492 3701 rornpellerc.

369 3717 507 3770 (bombat
527 3720 607 3784 berre;
624 3721 692 3787 qiud
712 3721 785 3772 rolris
799 3722 888 3772 risum
908 3727 949 3772 eal
969 3722 1058 3789 sepire
1073 3724 1131 3774 airis
1145 3721 1214 3787 qius,
1234 3729 1356 3776 arerterc
1369 3725 1491 3778 serratos.

365 3822 481 3879 pressus
509 3809 665 3861 innubere?
706 3811 779 3879 (pisid
804 3812 874 3862 errius
899 3813 1010 3879 pictatis
1037 3811 1126 3863 urrinni
1150 3829 1242 3880 parare
1266 3812 1415 3865 laurisamni.
1444 3814 1492 3880 qui

367 3902 480 3964 repenle
499 3898 601 3950 serotini
622 3915 650 3951 se
669 3900 702 3951 aia
721 3906 824 3952 sacrato
844 3901 981 3969 lleliqioai
1001 3901 1134 3953 localitati
1141 3943 1147 3957 .
1172 3918 1205 3952 cr
1224 3902 1277 3953 imo
1297 3902 1411 3953 lirirnilia
1428 3918 1492 3969 piro-

366 3986 516 4051 t'osaiouis,
545 3987 578 4039 de
608 3989 759 4041 pallitudine
790 3990 964 4043 ‹rrrrrriruodoe
989 3990 1197 4058 aliarequtionis.
1225 3990 1260 4041 ab
1291 3991 1374 4042 arilia
1401 4007 1489 4042 rerum

365 4076 553 4129 lacrumarum
574 4078 739 4141 nortliutae,
761 4080 887 4146 inopiam,
909 4079 1150 4143 tranantem-ruiana.
1179 4096 1215 4130 art
1233 4080 1440 4146 propellentium
1462 4081 1492 4131 iu

365 4165 485 4234 pradum
506 4167 663 4234 expositam
683 4168 786 4235 lapsui.
806 4168 835 4219 afar
855 4167 1001 4236 tasiiqiurn
1018 4169 1147 4236 rariiqiui
1165 4168 1322 4232 arenariam,
1343 4170 1489 4235 iniquirant

365 4255 488 4322 perirati
507 4272 561 4307 arria
581 4261 741 4323 capariam?
768 4288 799 4295 —
826 4256 903 4309 Hauc
922 4254 1013 4309 serbis
1032 4256 1132 4323 partim
1151 4261 1320 4323 conceptam,
1339 4257 1438 4323 partim
1458 4273 1491 4309 ex

366 4350 458 4396 mente
476 4342 701 4398 claraevallensis
727 4345 847 4409 abbatia,
877 4345 1073 4398 recusationem
1092 4360 1168 4398 suam
1194 4360 1242 4412 per
1265 4361 1307 4398 me
1332 4345 1434 4411 eloqui,
1462 4353 1491 4398 et

366 4429 493 4485 exhibere
512 4431 600 4485 riuum
621 4432 862 4501 Religiosissimum
882 4434 1019 4488 Sanctitas
1039 4434 1139 4486 Vestra
1164 4434 1330 4501 praesentire
1353 4434 1490 4502 dignetur.

399 4653 419 4723 ¹)
439 4656 493 4705 Cir.
514 4657 655 4721 Ephemer.
677 4659 816 4720 Rorndnul,
836 4660 881 4707 dd.
909 4671 946 4716 iq.
968 4671 1008 4708 20.
1032 4671 1072 4706 ει.
1094 4671 1134 4709 22.
1155 4661 1252 4711 (istob.
1276 4660 1349 4718 1883.
