3725 5617
787 1530 967 1635 Caput
996 1532 1029 1614 I.

550 1706 585 1779 le
607 1706 745 1796 nobem
767 1707 920 1781 rotationis
943 1709 1017 1783 Sedis
1034 1708 1268 1786 'tlte-tutionis

864 1914 894 2002 a
921 1916 950 1981 r.

625 2047 662 2109 be
680 2049 772 2121 enno
791 2049 931 2111 electione
950 2051 1017 2112 novt
1036 2051 1188 2112 mttetttte·

898 2218 924 2283 Ι.

367 2346 424 2411 De
446 2345 734 2423 postulatione
752 2346 895 2412 Patria
912 2346 1141 2428 szunyogn
1160 2346 1209 2415 de
1226 2345 1448 2429 Budetgtn.

436 2501 502 2580 Qui
536 2500 691 2565 defuneto
715 2501 900 2565 Athanasio
932 2501 976 2565 ad
1007 2501 1239 2567 celebrandam
1270 2506 1472 2569 successoris

342 2607 538 2671 electionem
564 2619 790 2672 convenerant
813 2620 1032 2694 protopopae,
1065 2611 1175 2673 statim
1201 2612 1283 2674 miro
1308 2632 1473 2676 consensu

346 2717 382 2779 in
407 2716 538 2779 Patrem
571 2714 759 2799 theologum
785 2716 1002 2779 Franciseum
1027 2715 1207 2800 Szunyogh
1238 2716 1280 2782 de
1303 2718 1472 2803 Budetgin

347 2823 411 2885 visi
437 2833 513 2885 sunt
536 2821 623 2901 ferri,
649 2821 737 2907 quod
762 2824 832 2907 ejus
856 2844 963 2886 mores
986 2821 1085 2907 longa
1100 2845 1264 2888 annorum
1286 2827 1370 2889 serie
1387 2847 1473 2889 eom·

346 2939 456 3013 pertos
489 2928 651 2993 haberent
682 2951 876 3014 summeque
910 2929 1098 3014 probarent.
1146 2929 1270 2994 Verum
1303 2931 1340 2997 P.
1370 2931 1483 2995 Fran-¹

346 3037 455 3098 ciseus
485 3035 632 3120 legitima
656 3036 803 3099 Instituti
828 3037 878 3099 sui
904 3036 1117 3100 excusatione
1142 3036 1267 3122 usus1),
1303 3037 1473 3122 productis

345 3141 521 3206 Societatis
544 3143 625 3207 lesu
647 3141 947 3206 Constitutionibus
972 3142 1129 3206 electores
1154 3143 1277 3225 docuit,
1301 3144 1472 3229 religiosos

346 3251 398 3313 sui
423 3246 559 3314 Ordinis
583 3250 745 3334 professos
778 3271 837 3333 per
860 3249 1003 3333 speciale
1027 3259 1141 3312 votum
1166 3249 1238 3313 Deo
1263 3261 1376 3314 sancte
1401 3273 1473 3337 pro·

348 3358 494 3437 misisse,
526 3379 559 3420 se
584 3377 755 3441 nunquam
786 3357 819 3418 in
845 3358 895 3418 sui
920 3355 1114 3419 electionem
1145 3354 1188 3418 ad
1213 3354 1358 3440 aliquam
1383 3379 1474 3442 prae·

347 3462 504 3528 lationem
530 3462 581 3526 vel
607 3463 803 3546 dignitatem
828 3472 922 3525 extra
939 3461 1137 3525 Societatem
1158 3484 1383 3545 consensuros,
1408 3464 1473 3527 nisi

347 3571 431 3634 forte
463 3581 594 3633 coactos
618 3569 808 3632 obedientia
833 3568 936 3648 illius,
968 3571 1024 3654 qui
1049 3570 1129 3654 ipsis
1154 3571 1343 3654 praecipere
1367 3580 1475 3655 potest

348 3674 410 3739 sub
435 3698 542 3762 poena
566 3674 739 3761 peecati²);
766 3674 961 3738 desisterent
980 3698 1057 3759 ergo
1082 3675 1323 3760 adesignando
1339 3676 1473 3740 homine

348 3785 511 3867 cogitare,
544 3785 599 3868 qui
626 3804 822 3845 eonsensum
848 3805 867 3844 a
891 3783 993 3844 sacris
1018 3780 1202 3846 canonibus
1233 3785 1474 3868 praescriptum

348 3911 415 3953 non
441 3901 550 3975 posset
574 3891 607 3951 in
633 3888 827 3951 electionem
852 3886 1061 3973 praestare3).

383 4139 402 4206 ¹)
424 4140 527 4200 Relege
553 4156 620 4202 quae
647 4141 679 4187 de
705 4140 755 4187 boc
776 4140 883 4200 negotio
908 4155 939 4186 ex
960 4140 1093 4186 Kotona
1119 4139 1275 4185 adduximus
1301 4154 1326 4201 p.
1346 4149 1413 4200 372.
1443 4154 1474 4187 oc

420 4212 481 4259 vide
501 4212 578 4258 etiam
599 4226 666 4273 quae
687 4219 746 4273 post
766 4210 832 4257 alios
852 4210 932 4258 habet
951 4212 1082 4272 stegen
1103 4212 1261 4271 Scriptores,
1280 4224 1305 4273 p.
1326 4220 1388 4271 350.

379 4289 404 4358 ²)
421 4292 534 4340 Constit.
554 4295 614 4339 Soc.
635 4294 708 4355 Jesu,
732 4292 816 4338 Portis
837 4293 873 4338 X.
893 4307 919 4342 n.
940 4291 964 4338 6.

380 4369 403 4437 ³)
424 4373 564 4434 Quomodo
584 4375 705 4419 Summus
724 4372 846 4419 Pontifex
869 4371 1023 4432 Religiosos
1043 4371 1176 4433 professos
1196 4373 1222 4421 S.
1237 4371 1262 4433 J.
1284 4369 1429 4417 identidem
1448 4369 1475 4416 in

420 4446 516 4492 virtute
541 4451 647 4491 sanctae
672 4443 839 4490 obedientiae
864 4442 970 4504 jusserit
996 4443 1138 4503 dignitates
1157 4440 1352 4489 ecclesiasticas
1379 4439 1475 4487 admit-

421 4517 538 4571 mittere.
564 4514 644 4578 paulo
670 4515 780 4562 interius
799 4530 842 4577 pp.
862 4526 1004 4577 427-429
1023 4514 1125 4577 patebit
1148 4511 1275 4575 exemplis
1295 4510 1476 4559 Cardinalium

421 4587 580 4645 Ptolomaei,
600 4586 701 4633 Salerni
716 4593 742 4633 et
755 4586 923 4646 Cienluegos,
943 4600 1009 4648 quos
1022 4599 1113 4632 omnes
1127 4584 1159 4631 de
1172 4582 1286 4650 ecclesia
1299 4580 1430 4639 orientali,
1450 4587 1477 4628 et

421 4658 576 4707 nominatim
597 4658 629 4705 de
649 4656 763 4705 ecclesia
785 4661 976 4712 ttumeoorum,
995 4657 1094 4720 optime
1114 4656 1221 4703 meritos
1239 4653 1428 4715 intelligemus.
