3725 5617
412 1147 566 1211 Seieem
589 1144 795 1220 quaedam
814 1139 983 1220 jtodieltc
1013 1140 1064 1203 dc
1086 1155 1172 1204 uses
1193 1137 1452 1204 Kalendas-ii

579 1261 629 1325 iu
651 1258 789 1322 studio
812 1271 960 1321 saeecw
982 1255 1276 1336 moriolopiae.

851 1459 1008 1477 Almam!

745 1618 793 1690 &a
813 1618 892 1676 iiieris
913 1618 1117 1674 commendatitiis

419 1771 552 1827 Illmi.
577 1774 619 1826 et
641 1770 745 1826 Rmi.
770 1773 809 1826 D.
834 1773 873 1827 D.
898 1769 1111 1838 stephani
1135 1768 1439 1837 stefanopoli.

452 1921 632 1984 dmtiepiscopi
648 1923 806 1984 Philippensis
826 1922 979 1983 drasconem,
998 1924 1032 1974 aci
1047 1924 1159 1974 alumnos
1178 1922 1301 1985 Producit·
1319 1923 1415 1986 collegii

696 2021 784 2072 Uriam
797 2022 828 2071 da
847 2021 1001 2084 Propagandi
1020 2021 1074 2071 fide
1092 2020 1162 2071 datia

440 2194 676 2264 ‘Etsproitiyssu
704 2195 895 2266 πρόχειρον
919 2197 1123 2266 ‹lprqoztpos
1148 2199 1214 2248 scis*
1240 2195 1421 2260 iniquitis
1437 2195 1478 2254 ri:

368 2303 400 2337 τε
420 2283 621 2348 ἀνατολικῆς
645 2288 699 2335 καὶ
719 2289 771 2350 τῆς
790 2285 933 2350 δυτικῆς.
972 2287 1180 2339 Kaietttlurr'ttm-
1200 2287 1341 2339 manuale
1362 2287 1483 2352 stampe

369 2376 525 2440 Ecclesiae,
553 2376 699 2428 orientalis
719 2382 745 2428 et
764 2376 960 2442 occidentalis,
986 2375 1138 2430 academiis
1158 2374 1330 2428 clericorum
1356 2391 1484 2428 rroeonuo

369 2465 475 2518 stateris.
515 2464 587 2517 Puta
614 2464 637 2517 1.
670 2466 851 2532 courplecicus
878 2465 1031 2518 inrutolu'lt'u
1063 2465 1149 2516 lolius
1173 2466 1249 2517 nitori
1274 2465 1363 2530 sesto.
1389 2493 1419 2504 -
1440 2461 1488 2515 liat

369 2552 450 2606 titulo
479 2568 532 2606 nou
560 2552 601 2606 ita
634 2553 738 2620 pridem
766 2553 917 2620 tieniponte
949 2552 1064 2621 prodiit,
1098 2559 1211 2606 auctore
1240 2552 1274 2608 R
1306 2553 1339 2609 P.
1367 2552 1487 2608 >litoius

368 2641 477 2695 Nilles
496 2642 522 2696 S.
541 2641 576 2702 J..
595 2658 661 2709 opus
681 2642 831 2710 egregium,
850 2642 927 2710 cujus
946 2641 1143 2710 praestantiam
1162 2650 1248 2708 atque
1266 2644 1488 2711 opportunitatem

368 2729 433 2782 licat
451 2728 541 2794 vobis,
570 2730 707 2784 auditores
733 2730 934 2796 humanissimi,
962 2747 1033 2784 anuo
1052 2730 1185 2797 superiori
1209 2729 1268 2799 jam
1295 2729 1390 2797 paucis
1412 2743 1488 2784 turam

367 2818 607 2883 declaraverimus,
636 2835 707 2872 nunc
726 2826 832 2882 tamen,
859 2820 1015 2875 examinata
1034 2819 1116 2874 etiam
1135 2819 1225 2873 altera
1251 2819 1314 2888 ejus
1334 2827 1425 2888 parte,
1448 2833 1490 2886 prs

368 2923 473 2960 summa
504 2907 542 2961 rei
574 2908 713 2975 gravitate
738 2909 827 2961 risum
852 2914 895 2962 est
919 2908 1035 2976 propriis
1059 2907 1133 2962 hisce
1158 2907 1250 2962 literis
1276 2907 1313 2962 ad
1340 2924 1388 2962 ros
1410 2919 1491 2960 omnm

369 3005 527 3062 vestrosque
553 2996 581 3049 iu
601 2996 720 3064 Collegio
744 2996 895 3063 studiisque
914 2998 999 3050 socios
1018 2997 1090 3050 datis
1109 2995 1197 3049 fusius
1222 2997 1420 3050 demonstrare.
1439 3038 1445 3050 .
1462 3033 1489 3046 ..

370 3087 420 3138 Est
439 3086 528 3154 igitur
547 3085 741 3139 Kalendarium
761 3084 810 3138 hoc
829 3086 1008 3140 Nillesianum
1033 3085 1227 3140 concordantia
1246 3087 1383 3152 quaedam
1402 3084 1491 3138 Kalen·

368 3175 503 3228 dariorum
524 3175 712 3239 orientalium,
740 3178 832 3243 graeci
853 3176 1027 3243 praesertim,
1054 3191 1112 3228 cum
1133 3176 1297 3229 occidentali
1317 3191 1366 3230 seu
1384 3189 1491 3230 tommo.

368 3279 417 3330 per
434 3264 557 3332 singulos
570 3264 627 3317 dies
646 3263 763 3317 otnnium
777 3264 841 3317 unni
856 3264 986 3318 mensium
1005 3273 1135 3332 perpetuo
1148 3265 1347 3319 commentario
1361 3271 1491 3320 exornata

368 3352 448 3406 Notis
473 3353 584 3420 proinde
609 3352 745 3406 historicis
772 3368 824 3405 nou
845 3353 921 3406 modo
947 3352 1045 3420 ubique
1064 3352 1236 3418 illustrat-ur,
1264 3355 1314 3408 sed
1334 3355 1393 3421 ipsa
1417 3353 1491 3407 etiam

369 3441 527 3495 Sanctorum
548 3445 618 3495 Acta
637 3442 783 3495 identidem
803 3443 994 3510 attinguntur.
1019 3458 1050 3495 ex
1071 3458 1122 3508 quo
1141 3441 1169 3495 in
1189 3443 1352 3496 universum
1368 3441 1494 3496 metita*

369 3546 460 3583 eortrm
485 3531 627 3597 cultusque
654 3529 789 3583 firmatur:
818 3531 929 3584 seeretis
958 3531 1119 3597 rejectisque
1138 3529 1216 3584 falsis
1241 3547 1273 3584 ae
1299 3531 1405 3596 dubiis,
1431 3543 1494 3596 quae

368 3625 489 3686 tempore
508 3619 619 3688 lugendi
633 3620 786 3672 schismatis
805 3619 833 3672 in
849 3620 1014 3673 Kelenderis
1032 3635 1132 3687 graeca
1151 3631 1178 3673 et
1196 3620 1304 3674 slavica
1324 3621 1493 3688 irrepserunt.

370 3709 423 3761 l'ro
443 3709 567 3762 coronide
586 3709 692 3763 demum
717 3709 749 3762 el.
769 3719 864 3762 auctor
883 3717 1010 3776 peractae
1029 3709 1075 3762 isti
1101 3709 1282 3764 illustratioui
1303 3711 1382 3778 plura
1402 3709 1495 3764 Kalen·

369 3797 447 3851 daria
465 3799 573 3865 propria
592 3798 729 3851 variarum
749 3798 888 3851 nationum
902 3797 1022 3851 Orientis
1042 3798 1177 3866 adjungit,
1198 3813 1223 3850 t.
1242 3815 1281 3864 g..
1303 3797 1494 3851 Ruthenoruur.

369 3888 563 3947 Armenorum‚
583 3886 786 3950 hielchitaruru,
806 3889 948 3952 syrorum
968 3887 1177 3950 Maronitarum,
1197 3885 1357 3944 Serhorum.
1385 3897 1416 3938 ut
1434 3885 1497 3938 adu>

369 3976 506 4028 studiosus
527 3975 610 4029 lector
629 3975 708 4030 facile
727 3977 813 4043 possit
832 3976 940 4043 propria
958 3975 1126 4044 singulorum
1144 3975 1217 4028 festa
1236 3991 1298 4028 cum
1316 3975 1498 4030 coimmunibus

369 4064 427 4118 sire
447 4064 553 4131 graecis
572 4064 630 4118 sire
649 4064 742 4117 latinis
761 4081 813 4118 non
832 4065 891 4118 siue
910 4080 1010 4132 magno
1028 4064 1159 4117 utilitatis
1179 4064 1272 4117 fructu
1286 4081 1451 4132 consputare.
1464 4091 1492 4102 -

369 4154 442 4220 tipus
467 4169 532 4207 sarre
551 4154 814 4220 praestantissimum
839 4160 921 4219 atque
940 4153 1114 4206 utilissimum
1134 4152 1223 4208 robis.
1245 4153 1365 4219 juvenes
1385 4153 1496 4207 ornati*-

368 4242 445 4306 simi,
471 4242 622 4307 vestrisque
642 4257 779 4296 sacrarum
798 4258 886 4296 rerum
905 4242 1003 4294 studiis
1029 4252 1057 4295 et
1076 4241 1323 4295 exercitationibus
1340 4243 1497 4296 amslamim's

369 4330 485 4384 maxime
511 4332 738 4384 accommodatum
757 4331 892 4397 risnelmum
919 4337 1027 4398 praeter
1045 4329 1117 4383 enim
1136 4345 1216 4396 quam
1242 4331 1316 4396 quod
1336 4331 1364 4384 in
1384 4331 1495 4384 seientia

368 4420 554 4488 heortologiea
573 4427 663 4472 tutum
690 4419 801 4487 praebet
821 4421 886 4474 iter.
913 4419 1047 4488 insignem
1068 4418 1166 4485 ubique
1185 4419 1371 4474 eruditionem
1391 4419 1492 4472 exhiket

369 4510 580 4578 omnigenasque
595 4509 682 4562 sontes
695 4509 837 4563 historicos
851 4509 962 4572 indicat,
981 4508 1087 4562 collatis
1100 4508 1183 4562 etiam
1198 4508 1399 4562 recentioribus
1412 4511 1495 4562 ‹iratr-

368 4597 456 4662 ribus,
484 4597 660 4664 transalpinis
679 4598 809 4658 trraxime,
835 4598 881 4665 qui
900 4598 1023 4652 acumine
1048 4607 1077 4651 et
1094 4598 1208 4651 solertia
1227 4599 1254 4652 iu
1275 4599 1362 4652 mori<
1382 4599 1495 4666 antiqui·
