3725 5617
373 634 425 688 iss
699 632 730 686 L.
750 633 797 686 lv.
835 634 875 688 Dc
894 633 999 687 Uuione
1018 632 1167 686 Serborum.

462 778 507 843 Ut
529 776 569 842 lis
598 787 631 842 et
654 778 878 841 controversia
901 775 1035 841 tollatur
1059 775 1099 839 de
1123 775 1214 842 loco.
1249 774 1421 844 ecclesiis.
1448 797 1495 862 ps·

372 884 512 969 rocbiis,
549 883 605 948 illa
638 886 670 948 in
697 883 856 948 moderna
880 884 1002 948 Diaeta
1035 885 1120 948 inter
1152 883 1386 948 ecclesiastica
1419 883 1495 948 bona

373 1001 661 1057 connumerentur.
708 991 855 1054 Tenet-ur
885 991 985 1054 etiam
1018 992 1128 1076 quivis
1158 990 1268 1055 bonus
1303 991 1495 1056 christianus

372 1097 538 1163 Dominus
561 1098 634 1163 Deo
665 1097 772 1161 locum
809 1097 926 1161 cedere
958 1107 991 1160 et
1022 1098 1093 1183 ejus
1116 1099 1287 1178 ministro,
1325 1099 1494 1184 praecipue

372 1204 430 1269 ubi
461 1207 531 1269 sine
563 1204 767 1292 praejudicio
801 1214 834 1269 et
857 1204 978 1268 damno
1013 1204 1083 1269 fieri
1109 1214 1233 1291 potest3
1270 1203 1366 1291 quod
1397 1206 1494 1291 ipsum

372 1311 472 1377 hodie
496 1314 594 1376 etiam
619 1320 733 1395 gentes
756 1312 958 1396 practicam,
992 1313 1060 1375 suis
1084 1312 1170 1376 fanis
1200 1310 1316 1377 locum
1343 1309 1494 1390 cedendo,

372 1429 405 1483 ct
428 1421 597 1483 ministris.
773 1416 828 1502 (A.
854 1416 907 1482 Pr.
932 1416 1006 1498 St).

445 1560 564 1615 Consilia
582 1560 726 1614 schematis
751 1560 784 1614 de
810 1559 992 1613 imminuendo
1011 1560 1067 1613 ritu
1086 1575 1184 1627 gracco
1209 1575 1225 1612 a
1246 1559 1334 1615 Patre
1352 1560 1495 1617 Hereacsh

372 1649 540 1716 caeterisque
567 1648 744 1703 missiouariis
772 1648 917 1703 Societatis
944 1649 1011 1703 Jesu
1040 1648 1123 1702 fnisse
1151 1647 1309 1716 improbata
1337 1657 1367 1704 st
1398 1651 1495 1717 rejects.

373 1738 590 1792 animadversum
605 1738 663 1806 jam
681 1744 724 1792 est
741 1753 805 1807 pag.
824 1752 911 1805 praec.

908 1952 952 2017 II.

428 2079 590 2146 selecta
615 2078 825 2157 quasdam
850 2078 1092 2160 fragmenta
1117 2093 1167 2146 ex
1193 2080 1445 2148 Annalibus

678 2208 779 2261 msc.
804 2196 1062 2261 missionum
1089 2194 1125 2260 S.
1151 2196 1185 2263 l.

443 2369 499 2424 An.
530 2368 622 2423 1660.
652 2399 683 2407 -
714 2368 737 2421 Ε
763 2368 943 2422 schismaticis
970 2369 1083 2423 accessit
1111 2369 1183 2422 inter
1210 2369 1280 2423 alios
1308 2372 1410 2440 graeci
1436 2372 1498 2427 ritus

372 2457 510 2522 sacerdos,
536 2457 582 2524 qui
606 2456 702 2511 deinde
721 2457 804 2511 etiam
823 2457 986 2512 Societatem
1006 2463 1125 2511 nostram
1150 2458 1291 2526 amplexus
1310 2467 1358 2514 est
1383 2461 1498 2529 nasonis·

371 2561 452 2613 quam
471 2545 643 2600 obstantibus
661 2545 826 2615 parentibus,
846 2546 960 2613 aliisque
976 2562 1091 2614 graecae
1103 2546 1166 2601 fidei
1178 2546 1381 2604 minitantibus
1393 2559 1499 2606 mortu

372 2634 480 2702 stipsi,
499 2634 527 2689 ni
547 2651 563 2688 a
582 2635 719 2702 proposito
738 2635 889 2698 desisteret
909 2644 938 2689 et
956 2636 1056 2689 nostris
1074 2651 1122 2690 ceu
1135 2636 1321 2692 conversionis
1335 2639 1498 2695 auctoribus

371 2722 478 2777 Habuit
506 2724 550 2778 hic
575 2724 706 2790 Corcyrae
734 2723 871 2778 abbatiam
900 2733 929 2777 et
947 2725 1033 2779 Zarae
1060 2725 1095 2778 ad
1122 2725 1210 2778 sancti
1228 2724 1309 2780 Elias
1338 2729 1498 2796 parochiam,

370 2811 467 2878 quibus
492 2813 578 2866 crucis
603 2813 732 2866 vexillum
760 2812 855 2867 lubens
880 2814 1023 2880 praetulit.
1060 2814 1110 2867 Vir
1140 2814 1336 2883 philosophicis
1363 2833 1499 2886 aequest

371 2900 574 2956 humanioribus
592 2902 715 2956 excultus
734 2902 829 2966 literis,
849 2917 971 2972 graecae,
990 2903 1101 2968 latinae,
1121 2903 1243 2967 italicae,
1263 2904 1437 2962 dalmaticas
1453 2907 1499 2961 lin-

370 3006 487 3059 guarum
516 2991 633 3059 peritus,
668 3007 739 3044 nunc
767 2991 795 3044 in
821 2990 892 3046 Urbe
921 2992 993 3046 inter
1022 2992 1123 3045 tirones
1151 2992 1185 3045 ad
1212 3009 1232 3046 s.
1262 2993 1408 3052 andream
1433 2996 1498 3068 agit

368 3080 410 3144 (B.
429 3079 461 3135 P.
481 3080 513 3135 V.
535 3079 643 3148 12156).

439 3240 493 3294 An.
516 3241 608 3293 1688.
622 3270 655 3279 -
676 3239 773 3293 Graeci
791 3239 945 3293 schismatis
964 3240 1082 3295 asseclae
1095 3257 1150 3295 uns
1162 3257 1222 3295 cum
1234 3243 1351 3311 proprio
1363 3245 1498 3300 sacerdote

366 3335 396 3381 et
422 3328 562 3382 licentiato
582 3344 672 3383 omnes
692 3329 967 3396 Quinque-Ecclesiis
991 3330 1121 3398 degentes
1141 3331 1285 3395 flaciani,
1313 3334 1428 3390 animas
1446 3334 1497 3388 isse

365 3416 512 3481 ducentae,
541 3417 676 3484 superatis
711 3424 739 3471 et
771 3418 910 3485 dissipatis
940 3418 1074 3484 obicibus,
1102 3419 1239 3473 Romanae
1268 3420 1415 3478 Ecclesiae
1440 3423 1497 3477 sins

366 3505 468 3573 recepti
494 3522 525 3559 ac
544 3505 650 3573 publico
675 3522 766 3561 eorum
785 3507 974 3575 primariorum
993 3508 1113 3561 viromm
1133 3510 1180 3572 18,
1209 3514 1269 3562 tum
1289 3512 1328 3564 20
1348 3513 1496 3570 mullum

365 3593 394 3648 in
413 3595 525 3649 ccclesia
544 3595 688 3649 Societatis
700 3597 766 3650 Jesu
785 3596 881 3650 emisso
900 3612 988 3650 coram
1002 3597 1141 3651 Caesareis
1160 3596 1325 3652 officialibus
1342 3600 1496 3668 juramento

364 3683 446 3739 uniti.
483 3682 556 3752 (tit.
576 3699 623 3736 au.
644 3684 729 3738 miss.
749 3685 1003 3752 Quinque-Eccl.
1023 3685 1057 3738 ad
1076 3703 1120 3742 an.
1143 3685 1230 3757 1688).

436 3843 492 3898 An.
518 3843 609 3897 1690.
637 3876 668 3882 -
696 3845 740 3898 De
765 3846 983 3899 conversione
1008 3845 1246 3900 Roscianorum
1272 3847 1372 3906 inter
1397 3852 1496 3907 Danu·

364 3929 452 3984 bium
472 3936 505 3985 et
519 3932 662 3986 Drarum
682 3933 884 4001 degentium.
898 3965 931 3973 -
946 3934 1109 3988 Graecorum
1129 3936 1373 3995 etRsscianorum
1385 3941 1496 3996 schism·

368 4020 498 4086 quomodo
517 4025 545 4073 et
563 4030 709 4087 quantum,
728 4022 866 4090 aspirante
886 4023 936 4076 Dei
955 4023 1062 4090 gratia,
1082 4024 1168 4090 quoad
1187 4024 1323 4080 rationem
1344 4030 1496 4085 schismatis

366 4106 563 4162 labefactatum
588 4111 638 4174 sit,
664 4120 773 4178 praeter
798 4117 857 4165 octo
877 4127 1003 4178 personas
1029 4120 1112 4166 antea
1139 4114 1173 4167 ad
1192 4113 1347 4172 &martam
1366 4119 1495 4175 Unionsn

363 4195 508 4262 deductas,
536 4202 615 4264 patet
634 4215 666 4252 ex
692 4198 796 4266 publico
823 4201 1039 4265 instrumentoh,
1068 4202 1143 4271 cujus
1172 4201 1285 4257 effectus
1311 4201 1449 4274 primario
1470 4219 1494 4260 et

397 4422 418 4491 ¹)
437 4425 515 4472 Extat
535 4425 733 4473 instrumentum
754 4440 831 4477 mser.
853 4427 877 4473 iu
898 4426 981 4474 literis
1002 4428 1094 4474 annuis
1109 4428 1240 4475 missionis
1255 4429 1496 4494 Quinqueffictlf.

436 4496 528 4543 sicnsis
556 4497 583 4546 S.
604 4499 629 4560 J,
659 4495 784 4555 (Colocae
813 4497 839 4545 in
868 4497 993 4549 biblioth.
1023 4498 1137 4560 Collegii
1167 4501 1194 4548 S.
1213 4499 1240 4561 J.
1269 4509 1296 4547 ct
1319 4504 1445 4552 Viennae
1471 4505 1494 4551 in

435 4568 465 4615 B.
483 4569 512 4616 P.
529 4568 558 4612 V.
577 4569 658 4628 12087
679 4575 704 4614 et
723 4567 824 4632 12228).
857 4570 896 4616 Ex
916 4570 948 4616 iis
963 4568 1095 4630 vulgatum
1110 4577 1149 4617 est
1168 4585 1184 4615 a
1197 4571 1323 4620 Koller
1337 4575 1493 4640 Joseph.·.

435 4636 551 4700 ejusdem
573 4638 712 4685 Societatis
732 4640 865 4701 quondam
887 4641 1034 4702 'l'yrnuviae
1055 4640 1177 4701 alumno,
1203 4640 1229 4688 iu
1252 4642 1381 4695 llr'stcrin
1401 4651 1493 4711 epure·
