<?xml version="1.0" encoding="UTF-8"?>
<!DOCTYPE html PUBLIC "-//W3C//DTD XHTML 1.0 Transitional//EN"
    "http://www.w3.org/TR/xhtml1/DTD/xhtml1-transitional.dtd">
<html xmlns="http://www.w3.org/1999/xhtml" xml:lang="en" lang="en">
 <head>
  <title>
</title>
<meta http-equiv="Content-Type" content="text/html;charset=utf-8" />
  <meta name='ocr-system' content='tesseract 3.04.00' />
  <meta name='ocr-capabilities' content='ocr_page ocr_carea ocr_par ocr_line ocrx_word'/>
</head>
<body>
  <div class='ocr_page' id='page_1' title='image "./symbolaeadillus00nillgoog_0926.png"; bbox 0 0 3725 5617; ppageno 0'>
   <div class='ocr_carea' id='block_1_1' title="bbox 795 614 1264 675">
    <p class='ocr_par' dir='ltr' id='par_1_1' title="bbox 795 614 1264 675">
     <span class='ocr_line' id='line_1_1' title="bbox 795 614 1264 675; baseline -0.011 -3"><span class='ocrx_word' id='word_1_1' title='bbox 795 619 826 673; x_wconf 89' lang='lat' dir='ltr'><strong>L.</strong></span> <span class='ocrx_word' id='word_1_2' title='bbox 845 618 893 675; x_wconf 88' lang='lat' dir='ltr'><strong>IV.</strong></span> <span class='ocrx_word' id='word_1_3' title='bbox 931 617 971 671; x_wconf 86' lang='lat' dir='ltr'><strong>De</strong></span> <span class='ocrx_word' id='word_1_4' title='bbox 990 616 1095 671; x_wconf 88' lang='lat' dir='ltr'><strong>Unione</strong></span> <span class='ocrx_word' id='word_1_5' title='bbox 1114 614 1264 669; x_wconf 80' lang='lat' dir='ltr'><strong>Serboruna</strong></span> 
     </span>
    </p>
   </div>
   <div class='ocr_carea' id='block_1_2' title="bbox 769 834 1294 907">
    <p class='ocr_par' dir='ltr' id='par_1_2' title="bbox 769 834 1294 907">
     <span class='ocr_line' id='line_1_2' title="bbox 769 834 1294 907; baseline -0.008 -11"><span class='ocrx_word' id='word_1_6' title='bbox 769 840 876 897; x_wconf 73' lang='lat' dir='ltr'><strong>Perusia</strong></span> <span class='ocrx_word' id='word_1_7' title='bbox 893 837 1024 907; x_wconf 76' lang='lat' dir='ltr'><strong>juramenti</strong></span> <span class='ocrx_word' id='word_1_8' title='bbox 1044 853 1059 894; x_wconf 86' lang='lat' dir='ltr'><strong>s</strong></span> <span class='ocrx_word' id='word_1_9' title='bbox 1078 836 1169 893; x_wconf 78' lang='lat' dir='ltr'><strong>tmesis</strong></span> <span class='ocrx_word' id='word_1_10' title='bbox 1188 834 1294 905; x_wconf 79' lang='lat' dir='ltr'><strong>tspsttt.</strong></span> 
     </span>
    </p>
   </div>
   <div class='ocr_carea' id='block_1_3' title="bbox 468 962 1635 1658">
    <p class='ocr_par' dir='ltr' id='par_1_3' title="bbox 468 962 1635 1658">
     <span class='ocr_line' id='line_1_3' title="bbox 540 962 1591 1037; baseline -0.008 -14"><span class='ocrx_word' id='word_1_11' title='bbox 540 969 601 1037; x_wconf 80' lang='lat' dir='ltr'><strong>Ego</strong></span> <span class='ocrx_word' id='word_1_12' title='bbox 619 968 652 1022; x_wconf 90' lang='lat' dir='ltr'><strong>N.</strong></span> <span class='ocrx_word' id='word_1_13' title='bbox 671 967 703 1021; x_wconf 90' lang='lat' dir='ltr'><strong>N.</strong></span> <span class='ocrx_word' id='word_1_14' title='bbox 727 966 806 1020; x_wconf 83' lang='lat' dir='ltr'><strong>firma</strong></span> <span class='ocrx_word' id='word_1_15' title='bbox 823 964 876 1019; x_wconf 80' lang='lat' dir='ltr'><strong>fide</strong></span> <span class='ocrx_word' id='word_1_16' title='bbox 902 963 981 1019; x_wconf 88' lang='lat' dir='ltr'><strong>eredo</strong></span> <span class='ocrx_word' id='word_1_17' title='bbox 1006 968 1035 1017; x_wconf 88' lang='lat' dir='ltr'><strong>et</strong></span> <span class='ocrx_word' id='word_1_18' title='bbox 1058 962 1187 1030; x_wconf 82' lang='lat' dir='ltr'><strong>profiteor</strong></span> <span class='ocrx_word' id='word_1_19' title='bbox 1210 962 1303 1016; x_wconf 85' lang='lat' dir='ltr'><strong>omnia</strong></span> <span class='ocrx_word' id='word_1_20' title='bbox 1326 969 1357 1017; x_wconf 87' lang='lat' dir='ltr'><strong>et</strong></span> <span class='ocrx_word' id='word_1_21' title='bbox 1376 962 1506 1032; x_wconf 75' lang='lat' dir='ltr'><strong>singula,</strong></span> <span class='ocrx_word' id='word_1_22' title='bbox 1531 977 1591 1030; x_wconf 75' lang='lat' dir='ltr'><strong>quse</strong></span> 
     </span>
     <span class='ocr_line' id='line_1_4' title="bbox 469 1051 1635 1124; baseline -0.005 -12"><span class='ocrx_word' id='word_1_23' title='bbox 469 1058 644 1113; x_wconf 82' lang='lat' dir='ltr'><strong>eontinentur</strong></span> <span class='ocrx_word' id='word_1_24' title='bbox 669 1057 697 1110; x_wconf 91' lang='lat' dir='ltr'><strong>in</strong></span> <span class='ocrx_word' id='word_1_25' title='bbox 716 1054 835 1123; x_wconf 81' lang='lat' dir='ltr'><strong>symbolo</strong></span> <span class='ocrx_word' id='word_1_26' title='bbox 854 1053 930 1119; x_wconf 83' lang='lat' dir='ltr'><strong>fidei,</strong></span> <span class='ocrx_word' id='word_1_27' title='bbox 957 1068 1009 1119; x_wconf 86' lang='lat' dir='ltr'><strong>quo</strong></span> <span class='ocrx_word' id='word_1_28' title='bbox 1027 1061 1124 1106; x_wconf 77' lang='grc' dir='ltr'><strong>εεοοεο</strong></span> <span class='ocrx_word' id='word_1_29' title='bbox 1141 1052 1264 1106; x_wconf 82' lang='grc' dir='ltr'><strong>Βοιοεοε</strong></span> <span class='ocrx_word' id='word_1_30' title='bbox 1283 1051 1410 1106; x_wconf 80' lang='grc' dir='ltr'><strong>ΕοοΙεείε</strong></span> <span class='ocrx_word' id='word_1_31' title='bbox 1428 1053 1534 1116; x_wconf 80' lang='lat' dir='ltr'><strong>utitur,</strong></span> <span class='ocrx_word' id='word_1_32' title='bbox 1554 1052 1591 1106; x_wconf 80' lang='lat' dir='ltr'><strong>ir·</strong></span> <span class='ocrx_word' id='word_1_33' title='bbox 1633 1077 1635 1124; x_wconf 54' lang='grc' dir='ltr'><strong>ε</strong></span> 
     </span>
     <span class='ocr_line' id='line_1_5' title="bbox 469 1140 1590 1210; baseline -0.005 -9"><span class='ocrx_word' id='word_1_34' title='bbox 469 1147 551 1201; x_wconf 85' lang='lat' dir='ltr'><strong>miter</strong></span> <span class='ocrx_word' id='word_1_35' title='bbox 574 1162 635 1200; x_wconf 84' lang='lat' dir='ltr'><strong>oum</strong></span> <span class='ocrx_word' id='word_1_36' title='bbox 653 1146 747 1199; x_wconf 87' lang='lat' dir='ltr'><strong>eadem</strong></span> <span class='ocrx_word' id='word_1_37' title='bbox 773 1144 904 1207; x_wconf 88' lang='lat' dir='ltr'><strong>tenendo,</strong></span> <span class='ocrx_word' id='word_1_38' title='bbox 928 1141 1060 1210; x_wconf 84' lang='lat' dir='ltr'><strong>Spiritum</strong></span> <span class='ocrx_word' id='word_1_39' title='bbox 1078 1148 1202 1195; x_wconf 85' lang='lat' dir='ltr'><strong>sanctum</strong></span> <span class='ocrx_word' id='word_1_40' title='bbox 1219 1156 1237 1193; x_wconf 86' lang='lat' dir='ltr'><strong>a</strong></span> <span class='ocrx_word' id='word_1_41' title='bbox 1255 1140 1340 1195; x_wconf 82' lang='lat' dir='ltr'><strong>Patre</strong></span> <span class='ocrx_word' id='word_1_42' title='bbox 1359 1140 1491 1208; x_wconf 82' lang='lat' dir='ltr'><strong>Filioque</strong></span> <span class='ocrx_word' id='word_1_43' title='bbox 1513 1154 1590 1210; x_wconf 76' lang='lat' dir='ltr'><strong>prout·</strong></span> 
     </span>
     <span class='ocr_line' id='line_1_6' title="bbox 470 1229 1594 1302; baseline -0.004 -12"><span class='ocrx_word' id='word_1_44' title='bbox 470 1236 546 1302; x_wconf 89' lang='lat' dir='ltr'><strong>dore;</strong></span> <span class='ocrx_word' id='word_1_45' title='bbox 571 1240 693 1289; x_wconf 83' lang='lat' dir='ltr'><strong>sanetum</strong></span> <span class='ocrx_word' id='word_1_46' title='bbox 711 1248 817 1300; x_wconf 86' lang='lat' dir='ltr'><strong>quoque</strong></span> <span class='ocrx_word' id='word_1_47' title='bbox 835 1231 1003 1286; x_wconf 84' lang='lat' dir='ltr'><strong>Catholioam</strong></span> <span class='ocrx_word' id='word_1_48' title='bbox 1022 1236 1051 1284; x_wconf 92' lang='lat' dir='ltr'><strong>et</strong></span> <span class='ocrx_word' id='word_1_49' title='bbox 1069 1230 1252 1298; x_wconf 83' lang='lat' dir='ltr'><strong>Apostolioem</strong></span> <span class='ocrx_word' id='word_1_50' title='bbox 1269 1229 1427 1284; x_wconf 71' lang='lat' dir='ltr'><strong>Romanam</strong></span> <span class='ocrx_word' id='word_1_51' title='bbox 1444 1229 1594 1292; x_wconf 63' lang='lat' dir='ltr'><strong>wesin,</strong></span> 
     </span>
     <span class='ocr_line' id='line_1_7' title="bbox 469 1318 1592 1388; baseline -0.006 -9"><span class='ocrx_word' id='word_1_52' title='bbox 469 1325 587 1379; x_wconf 88' lang='lat' dir='ltr'><strong>omnium</strong></span> <span class='ocrx_word' id='word_1_53' title='bbox 613 1324 785 1378; x_wconf 80' lang='lat' dir='ltr'><strong>eeclesiarum</strong></span> <span class='ocrx_word' id='word_1_54' title='bbox 804 1328 919 1375; x_wconf 84' lang='lat' dir='ltr'><strong>matrem</strong></span> <span class='ocrx_word' id='word_1_55' title='bbox 944 1327 973 1374; x_wconf 88' lang='lat' dir='ltr'><strong>et</strong></span> <span class='ocrx_word' id='word_1_56' title='bbox 992 1319 1153 1388; x_wconf 76' lang='lat' dir='ltr'><strong>magistram</strong></span> <span class='ocrx_word' id='word_1_57' title='bbox 1177 1334 1309 1388; x_wconf 80' lang='lat' dir='ltr'><strong>uguosoo,</strong></span> <span class='ocrx_word' id='word_1_58' title='bbox 1337 1318 1519 1387; x_wconf 79' lang='lat' dir='ltr'><strong>Romanoque</strong></span> <span class='ocrx_word' id='word_1_59' title='bbox 1534 1318 1592 1373; x_wconf 83' lang='lat' dir='ltr'><strong>Pos-</strong></span> 
     </span>
     <span class='ocr_line' id='line_1_8' title="bbox 468 1405 1593 1479; baseline -0.005 -10"><span class='ocrx_word' id='word_1_60' title='bbox 468 1413 551 1479; x_wconf 87' lang='lat' dir='ltr'><strong>titiei,</strong></span> <span class='ocrx_word' id='word_1_61' title='bbox 575 1413 650 1467; x_wconf 89' lang='lat' dir='ltr'><strong>beati</strong></span> <span class='ocrx_word' id='word_1_62' title='bbox 677 1412 753 1467; x_wconf 88' lang='lat' dir='ltr'><strong>Petri</strong></span> <span class='ocrx_word' id='word_1_63' title='bbox 778 1410 969 1479; x_wconf 70' lang='lat' dir='ltr'><strong>Apostolorum</strong></span> <span class='ocrx_word' id='word_1_64' title='bbox 994 1409 1128 1477; x_wconf 83' lang='lat' dir='ltr'><strong>Principis</strong></span> <span class='ocrx_word' id='word_1_65' title='bbox 1153 1408 1315 1472; x_wconf 85' lang='lat' dir='ltr'><strong>successori,</strong></span> <span class='ocrx_word' id='word_1_66' title='bbox 1345 1424 1380 1461; x_wconf 86' lang='lat' dir='ltr'><strong>ae</strong></span> <span class='ocrx_word' id='word_1_67' title='bbox 1404 1408 1477 1463; x_wconf 88' lang='lat' dir='ltr'><strong>Jesu</strong></span> <span class='ocrx_word' id='word_1_68' title='bbox 1501 1405 1593 1463; x_wconf 65' lang='lat' dir='ltr'><strong>enred</strong></span> 
     </span>
     <span class='ocr_line' id='line_1_9' title="bbox 468 1497 1593 1567; baseline -0.004 -10"><span class='ocrx_word' id='word_1_69' title='bbox 468 1504 578 1557; x_wconf 85' lang='lat' dir='ltr'><strong>Vioario</strong></span> <span class='ocrx_word' id='word_1_70' title='bbox 597 1518 689 1557; x_wconf 85' lang='lat' dir='ltr'><strong>veram</strong></span> <span class='ocrx_word' id='word_1_71' title='bbox 713 1499 895 1555; x_wconf 77' lang='lat' dir='ltr'><strong>obedientiam</strong></span> <span class='ocrx_word' id='word_1_72' title='bbox 920 1499 1050 1567; x_wconf 82' lang='lat' dir='ltr'><strong>spondeo,</strong></span> <span class='ocrx_word' id='word_1_73' title='bbox 1076 1513 1161 1551; x_wconf 85' lang='lat' dir='ltr'><strong>voveo</strong></span> <span class='ocrx_word' id='word_1_74' title='bbox 1186 1513 1218 1551; x_wconf 82' lang='lat' dir='ltr'><strong>ac</strong></span> <span class='ocrx_word' id='word_1_75' title='bbox 1239 1497 1302 1565; x_wconf 85' lang='lat' dir='ltr'><strong>juro</strong></span> <span class='ocrx_word' id='word_1_76' title='bbox 1327 1513 1380 1565; x_wconf 88' lang='lat' dir='ltr'><strong>pro</strong></span> <span class='ocrx_word' id='word_1_77' title='bbox 1406 1513 1452 1553; x_wconf 86' lang='lat' dir='ltr'><strong>me</strong></span> <span class='ocrx_word' id='word_1_78' title='bbox 1477 1498 1593 1565; x_wconf 72' lang='lat' dir='ltr'><strong>meisque</strong></span> 
     </span>
     <span class='ocr_line' id='line_1_10' title="bbox 469 1586 1300 1658; baseline -0.006 -12"><span class='ocrx_word' id='word_1_79' title='bbox 469 1592 513 1646; x_wconf 88' lang='lat' dir='ltr'><strong>Sio</strong></span> <span class='ocrx_word' id='word_1_80' title='bbox 531 1607 572 1645; x_wconf 89' lang='lat' dir='ltr'><strong>rue</strong></span> <span class='ocrx_word' id='word_1_81' title='bbox 591 1592 664 1644; x_wconf 81' lang='lat' dir='ltr'><strong>Deua</strong></span> <span class='ocrx_word' id='word_1_82' title='bbox 683 1590 803 1658; x_wconf 87' lang='lat' dir='ltr'><strong>adjuvet,</strong></span> <span class='ocrx_word' id='word_1_83' title='bbox 823 1593 852 1643; x_wconf 87' lang='lat' dir='ltr'><strong>et</strong></span> <span class='ocrx_word' id='word_1_84' title='bbox 870 1588 937 1642; x_wconf 80' lang='lat' dir='ltr'><strong>haec</strong></span> <span class='ocrx_word' id='word_1_85' title='bbox 955 1596 1051 1641; x_wconf 80' lang='lat' dir='ltr'><strong>sancta</strong></span> <span class='ocrx_word' id='word_1_86' title='bbox 1070 1587 1120 1641; x_wconf 78' lang='lat' dir='ltr'><strong>Dei</strong></span> <span class='ocrx_word' id='word_1_87' title='bbox 1138 1586 1300 1655; x_wconf 80' lang='lat' dir='ltr'><strong>Evangelia.</strong></span> 
     </span>
    </p>
   </div>
   <div class='ocr_carea' id='block_1_4' title="bbox 631 1816 1436 1886">
    <p class='ocr_par' dir='ltr' id='par_1_4' title="bbox 631 1816 1436 1886">
     <span class='ocr_line' id='line_1_11' title="bbox 631 1816 1436 1886; baseline -0.001 -11"><span class='ocrx_word' id='word_1_88' title='bbox 631 1819 720 1877; x_wconf 80' lang='lat' dir='ltr'><strong>bitsrae</strong></span> <span class='ocrx_word' id='word_1_89' title='bbox 739 1818 809 1875; x_wconf 72' lang='lat' dir='ltr'><strong>tritu</strong></span> <span class='ocrx_word' id='word_1_90' title='bbox 828 1818 907 1886; x_wconf 63' lang='lat' dir='ltr'><strong>dietis</strong></span> <span class='ocrx_word' id='word_1_91' title='bbox 925 1818 949 1873; x_wconf 83' lang='lat' dir='ltr'><strong>b.</strong></span> <span class='ocrx_word' id='word_1_92' title='bbox 969 1816 993 1874; x_wconf 81' lang='lat' dir='ltr'><strong>it.</strong></span> <span class='ocrx_word' id='word_1_93' title='bbox 1013 1818 1040 1874; x_wconf 83' lang='lat' dir='ltr'><strong>de</strong></span> <span class='ocrx_word' id='word_1_94' title='bbox 1060 1817 1187 1886; x_wconf 55' lang='grc' dir='ltr'><strong>Ρτεοιεετς.ν</strong></span> <span class='ocrx_word' id='word_1_95' title='bbox 1206 1818 1235 1873; x_wconf 84' lang='lat' dir='ltr'><strong>nd</strong></span> <span class='ocrx_word' id='word_1_96' title='bbox 1256 1818 1436 1886; x_wconf 77' lang='lat' dir='ltr'><strong>iupsrrtnrrn.</strong></span> 
     </span>
    </p>
   </div>
   <div class='ocr_carea' id='block_1_5' title="bbox 648 1960 1419 2030">
    <p class='ocr_par' dir='ltr' id='par_1_5' title="bbox 648 1960 1419 2030">
     <span class='ocr_line' id='line_1_12' title="bbox 648 1960 1419 2030; baseline -0.005 -14"><span class='ocrx_word' id='word_1_97' title='bbox 648 1963 729 2016; x_wconf 82' lang='lat' dir='ltr'><strong>Sacra</strong></span> <span class='ocrx_word' id='word_1_98' title='bbox 749 1962 867 2017; x_wconf 86' lang='lat' dir='ltr'><strong>Cesarea</strong></span> <span class='ocrx_word' id='word_1_99' title='bbox 885 1962 992 2016; x_wconf 76' lang='lat' dir='ltr'><strong>Maesta</strong></span> <span class='ocrx_word' id='word_1_100' title='bbox 1011 1961 1109 2030; x_wconf 83' lang='lat' dir='ltr'><strong>Signor</strong></span> <span class='ocrx_word' id='word_1_101' title='bbox 1128 1961 1181 2014; x_wconf 88' lang='lat' dir='ltr'><strong>mio</strong></span> <span class='ocrx_word' id='word_1_102' title='bbox 1200 1960 1419 2014; x_wconf 86' lang='lat' dir='ltr'><strong>elementissimo.</strong></span> 
     </span>
    </p>
   </div>
   <div class='ocr_carea' id='block_1_6' title="bbox 467 2093 1605 4300">
    <p class='ocr_par' dir='ltr' id='par_1_6' title="bbox 467 2093 1605 4300">
     <span class='ocr_line' id='line_1_13' title="bbox 542 2093 1600 2162; baseline 0.002 -14"><span class='ocrx_word' id='word_1_103' title='bbox 542 2095 585 2148; x_wconf 88' lang='lat' dir='ltr'><strong>Ho</strong></span> <span class='ocrx_word' id='word_1_104' title='bbox 609 2095 720 2149; x_wconf 86' lang='lat' dir='ltr'><strong>stimato</strong></span> <span class='ocrx_word' id='word_1_105' title='bbox 746 2094 855 2149; x_wconf 92' lang='lat' dir='ltr'><strong>debbito</strong></span> <span class='ocrx_word' id='word_1_106' title='bbox 886 2095 928 2148; x_wconf 86' lang='lat' dir='ltr'><strong>del</strong></span> <span class='ocrx_word' id='word_1_107' title='bbox 955 2094 1007 2148; x_wconf 89' lang='lat' dir='ltr'><strong>mio</strong></span> <span class='ocrx_word' id='word_1_108' title='bbox 1034 2093 1209 2147; x_wconf 73' lang='lat' dir='ltr'><strong>hirmilissimo</strong></span> <span class='ocrx_word' id='word_1_109' title='bbox 1235 2093 1415 2162; x_wconf 77' lang='lat' dir='ltr'><strong>vassalaggio</strong></span> <span class='ocrx_word' id='word_1_110' title='bbox 1445 2094 1477 2149; x_wconf 93' lang='lat' dir='ltr'><strong>di</strong></span> <span class='ocrx_word' id='word_1_111' title='bbox 1503 2107 1600 2149; x_wconf 66' lang='lat' dir='ltr'><strong>reum</strong></span> 
     </span>
     <span class='ocr_line' id='line_1_14' title="bbox 470 2181 1600 2239; baseline -0.002 -2"><span class='ocrx_word' id='word_1_112' title='bbox 470 2184 524 2238; x_wconf 85' lang='lat' dir='ltr'><strong>alia</strong></span> <span class='ocrx_word' id='word_1_113' title='bbox 542 2185 624 2238; x_wconf 86' lang='lat' dir='ltr'><strong>Sacra</strong></span> <span class='ocrx_word' id='word_1_114' title='bbox 642 2183 759 2238; x_wconf 85' lang='lat' dir='ltr'><strong>Cesarea</strong></span> <span class='ocrx_word' id='word_1_115' title='bbox 777 2185 883 2237; x_wconf 77' lang='lat' dir='ltr'><strong>Maesti</strong></span> <span class='ocrx_word' id='word_1_116' title='bbox 902 2184 1002 2236; x_wconf 89' lang='lat' dir='ltr'><strong>Vostra</strong></span> <span class='ocrx_word' id='word_1_117' title='bbox 1021 2182 1037 2235; x_wconf 81' lang='lat' dir='ltr'><strong>l&#39;</strong></span> <span class='ocrx_word' id='word_1_118' title='bbox 1050 2182 1126 2236; x_wconf 85' lang='lat' dir='ltr'><strong>aviso</strong></span> <span class='ocrx_word' id='word_1_119' title='bbox 1145 2199 1218 2236; x_wconf 83' lang='lat' dir='ltr'><strong>come</strong></span> <span class='ocrx_word' id='word_1_120' title='bbox 1237 2182 1306 2236; x_wconf 91' lang='lat' dir='ltr'><strong>tutti</strong></span> <span class='ocrx_word' id='word_1_121' title='bbox 1326 2181 1346 2235; x_wconf 89' lang='lat' dir='ltr'><strong>li</strong></span> <span class='ocrx_word' id='word_1_122' title='bbox 1366 2181 1453 2239; x_wconf 81' lang='lat' dir='ltr'><strong>Greci</strong></span> <span class='ocrx_word' id='word_1_123' title='bbox 1473 2181 1600 2238; x_wconf 80' lang='lat' dir='ltr'><strong>sismstiti</strong></span> 
     </span>
     <span class='ocr_line' id='line_1_15' title="bbox 472 2269 1601 2342; baseline -0.001 -17"><span class='ocrx_word' id='word_1_124' title='bbox 472 2273 610 2327; x_wconf 77' lang='lat' dir='ltr'><strong>habitanti</strong></span> <span class='ocrx_word' id='word_1_125' title='bbox 636 2273 664 2327; x_wconf 91' lang='lat' dir='ltr'><strong>in</strong></span> <span class='ocrx_word' id='word_1_126' title='bbox 683 2272 866 2342; x_wconf 83' lang='lat' dir='ltr'><strong>grandissima</strong></span> <span class='ocrx_word' id='word_1_127' title='bbox 884 2273 961 2339; x_wconf 84' lang='lat' dir='ltr'><strong>eopia</strong></span> <span class='ocrx_word' id='word_1_128' title='bbox 986 2279 1030 2325; x_wconf 87' lang='lat' dir='ltr'><strong>tra</strong></span> <span class='ocrx_word' id='word_1_129' title='bbox 1049 2272 1068 2325; x_wconf 90' lang='lat' dir='ltr'><strong>il</strong></span> <span class='ocrx_word' id='word_1_130' title='bbox 1088 2272 1210 2325; x_wconf 85' lang='lat' dir='ltr'><strong>Danubio</strong></span> <span class='ocrx_word' id='word_1_131' title='bbox 1237 2279 1266 2325; x_wconf 88' lang='lat' dir='ltr'><strong>et</strong></span> <span class='ocrx_word' id='word_1_132' title='bbox 1284 2271 1312 2324; x_wconf 88' lang='lat' dir='ltr'><strong>la</strong></span> <span class='ocrx_word' id='word_1_133' title='bbox 1331 2271 1427 2325; x_wconf 80' lang='lat' dir='ltr'><strong>Dravo</strong></span> <span class='ocrx_word' id='word_1_134' title='bbox 1457 2269 1601 2329; x_wconf 80' lang='lat' dir='ltr'><strong>illuminati</strong></span> 
     </span>
     <span class='ocr_line' id='line_1_16' title="bbox 472 2353 1603 2430; baseline 0.003 -14"><span class='ocrx_word' id='word_1_135' title='bbox 472 2363 516 2416; x_wconf 87' lang='lat' dir='ltr'><strong>dal</strong></span> <span class='ocrx_word' id='word_1_136' title='bbox 535 2362 636 2430; x_wconf 85' lang='lat' dir='ltr'><strong>Spiritu</strong></span> <span class='ocrx_word' id='word_1_137' title='bbox 655 2363 739 2416; x_wconf 82' lang='lat' dir='ltr'><strong>Sento</strong></span> <span class='ocrx_word' id='word_1_138' title='bbox 753 2353 793 2416; x_wconf 85' lang='lat' dir='ltr'><strong>¹et</strong></span> <span class='ocrx_word' id='word_1_139' title='bbox 810 2362 943 2416; x_wconf 87' lang='lat' dir='ltr'><strong>stimulati</strong></span> <span class='ocrx_word' id='word_1_140' title='bbox 969 2361 1042 2415; x_wconf 84' lang='lat' dir='ltr'><strong>dalla</strong></span> <span class='ocrx_word' id='word_1_141' title='bbox 1061 2361 1140 2415; x_wconf 78' lang='lat' dir='ltr'><strong>Pietd</strong></span> <span class='ocrx_word' id='word_1_142' title='bbox 1165 2361 1191 2414; x_wconf 93' lang='lat' dir='ltr'><strong>di</strong></span> <span class='ocrx_word' id='word_1_143' title='bbox 1211 2361 1244 2416; x_wconf 88' lang='lat' dir='ltr'><strong>V.</strong></span> <span class='ocrx_word' id='word_1_144' title='bbox 1264 2361 1299 2415; x_wconf 81' lang='lat' dir='ltr'><strong>tt.</strong></span> <span class='ocrx_word' id='word_1_145' title='bbox 1319 2360 1349 2416; x_wconf 79' lang='lat' dir='ltr'><strong>O.</strong></span> <span class='ocrx_word' id='word_1_146' title='bbox 1379 2360 1404 2415; x_wconf 92' lang='lat' dir='ltr'><strong>si</strong></span> <span class='ocrx_word' id='word_1_147' title='bbox 1427 2377 1502 2418; x_wconf 84' lang='lat' dir='ltr'><strong>sono</strong></span> <span class='ocrx_word' id='word_1_148' title='bbox 1525 2371 1603 2418; x_wconf 61' lang='grc' dir='ltr'><strong>ωηο·</strong></span> 
     </span>
     <span class='ocr_line' id='line_1_17' title="bbox 473 2449 1605 2508; baseline 0.004 -5"><span class='ocrx_word' id='word_1_149' title='bbox 473 2450 553 2505; x_wconf 89' lang='lat' dir='ltr'><strong>messi</strong></span> <span class='ocrx_word' id='word_1_150' title='bbox 571 2450 615 2503; x_wconf 85' lang='lat' dir='ltr'><strong>eli’</strong></span> <span class='ocrx_word' id='word_1_151' title='bbox 628 2450 792 2505; x_wconf 87' lang='lat' dir='ltr'><strong>obbedieuza</strong></span> <span class='ocrx_word' id='word_1_152' title='bbox 810 2450 882 2504; x_wconf 87' lang='lat' dir='ltr'><strong>della</strong></span> <span class='ocrx_word' id='word_1_153' title='bbox 893 2450 978 2504; x_wconf 87' lang='lat' dir='ltr'><strong>Senta</strong></span> <span class='ocrx_word' id='word_1_154' title='bbox 992 2451 1058 2504; x_wconf 88' lang='lat' dir='ltr'><strong>Sede</strong></span> <span class='ocrx_word' id='word_1_155' title='bbox 1077 2450 1212 2504; x_wconf 83' lang='lat' dir='ltr'><strong>conforme</strong></span> <span class='ocrx_word' id='word_1_156' title='bbox 1231 2450 1258 2504; x_wconf 89' lang='grc' dir='ltr'><strong>Ιε</strong></span> <span class='ocrx_word' id='word_1_157' title='bbox 1269 2449 1351 2503; x_wconf 86' lang='lat' dir='ltr'><strong>Sacra</strong></span> <span class='ocrx_word' id='word_1_158' title='bbox 1364 2452 1492 2507; x_wconf 75' lang='lat' dir='ltr'><strong>i&#39;esaraa</strong></span> <span class='ocrx_word' id='word_1_159' title='bbox 1504 2453 1605 2508; x_wconf 68' lang='lat' dir='ltr'><strong>m</strong></span> 
     </span>
     <span class='ocr_line' id='line_1_18' title="bbox 471 2538 1602 2598; baseline 0.006 -6"><span class='ocrx_word' id='word_1_160' title='bbox 471 2539 572 2593; x_wconf 69' lang='grc' dir='ltr'><strong>νοεῖτε</strong></span> <span class='ocrx_word' id='word_1_161' title='bbox 591 2542 695 2594; x_wconf 79' lang='lat' dir='ltr'><strong>restem</strong></span> <span class='ocrx_word' id='word_1_162' title='bbox 720 2539 1020 2594; x_wconf 85' lang='lat' dir='ltr'><strong>clementissimamente</strong></span> <span class='ocrx_word' id='word_1_163' title='bbox 1039 2540 1142 2594; x_wconf 84' lang='lat' dir='ltr'><strong>servita</strong></span> <span class='ocrx_word' id='word_1_164' title='bbox 1167 2540 1195 2593; x_wconf 94' lang='lat' dir='ltr'><strong>di</strong></span> <span class='ocrx_word' id='word_1_165' title='bbox 1214 2539 1310 2593; x_wconf 86' lang='lat' dir='ltr'><strong>vedere</strong></span> <span class='ocrx_word' id='word_1_166' title='bbox 1328 2538 1396 2594; x_wconf 84' lang='lat' dir='ltr'><strong>dail&#39;</strong></span> <span class='ocrx_word' id='word_1_167' title='bbox 1410 2557 1534 2598; x_wconf 84' lang='lat' dir='ltr'><strong>annesso</strong></span> <span class='ocrx_word' id='word_1_168' title='bbox 1550 2541 1602 2598; x_wconf 73' lang='lat' dir='ltr'><strong>ort</strong></span> 
     </span>
     <span class='ocr_line' id='line_1_19' title="bbox 471 2628 1603 2697; baseline 0.007 -16"><span class='ocrx_word' id='word_1_169' title='bbox 471 2628 572 2697; x_wconf 82' lang='lat' dir='ltr'><strong>ginale,</strong></span> <span class='ocrx_word' id='word_1_170' title='bbox 592 2634 621 2681; x_wconf 92' lang='lat' dir='ltr'><strong>et</strong></span> <span class='ocrx_word' id='word_1_171' title='bbox 639 2628 712 2682; x_wconf 87' lang='lat' dir='ltr'><strong>daila</strong></span> <span class='ocrx_word' id='word_1_172' title='bbox 730 2636 843 2696; x_wconf 87' lang='lat' dir='ltr'><strong>patente</strong></span> <span class='ocrx_word' id='word_1_173' title='bbox 861 2645 942 2695; x_wconf 86' lang='lat' dir='ltr'><strong>sopra</strong></span> <span class='ocrx_word' id='word_1_174' title='bbox 961 2629 988 2683; x_wconf 91' lang='lat' dir='ltr'><strong>di</strong></span> <span class='ocrx_word' id='word_1_175' title='bbox 1008 2630 1048 2683; x_wconf 89' lang='lat' dir='ltr'><strong>oio</strong></span> <span class='ocrx_word' id='word_1_176' title='bbox 1067 2629 1140 2682; x_wconf 83' lang='lat' dir='ltr'><strong>fatte</strong></span> <span class='ocrx_word' id='word_1_177' title='bbox 1158 2629 1230 2682; x_wconf 87' lang='lat' dir='ltr'><strong>dalla</strong></span> <span class='ocrx_word' id='word_1_178' title='bbox 1248 2629 1303 2683; x_wconf 89' lang='lat' dir='ltr'><strong>mia</strong></span> <span class='ocrx_word' id='word_1_179' title='bbox 1320 2629 1453 2687; x_wconf 70' lang='lat' dir='ltr'><strong>humilta.</strong></span> <span class='ocrx_word' id='word_1_180' title='bbox 1487 2631 1534 2688; x_wconf 82' lang='lat' dir='ltr'><strong>Hs</strong></span> <span class='ocrx_word' id='word_1_181' title='bbox 1546 2649 1603 2688; x_wconf 77' lang='lat' dir='ltr'><strong>auu·</strong></span> 
     </span>
     <span class='ocr_line' id='line_1_20' title="bbox 471 2716 1603 2786; baseline 0.004 -16"><span class='ocrx_word' id='word_1_182' title='bbox 471 2716 585 2771; x_wconf 81' lang='lat' dir='ltr'><strong>tribuito</strong></span> <span class='ocrx_word' id='word_1_183' title='bbox 609 2718 692 2771; x_wconf 90' lang='lat' dir='ltr'><strong>molto</strong></span> <span class='ocrx_word' id='word_1_184' title='bbox 718 2733 735 2770; x_wconf 90' lang='lat' dir='ltr'><strong>a</strong></span> <span class='ocrx_word' id='word_1_185' title='bbox 759 2724 855 2784; x_wconf 89' lang='lat' dir='ltr'><strong>questa</strong></span> <span class='ocrx_word' id='word_1_186' title='bbox 879 2723 961 2772; x_wconf 85' lang='lat' dir='ltr'><strong>sunta</strong></span> <span class='ocrx_word' id='word_1_187' title='bbox 986 2735 1067 2786; x_wconf 90' lang='lat' dir='ltr'><strong>opera</strong></span> <span class='ocrx_word' id='word_1_188' title='bbox 1092 2718 1119 2771; x_wconf 87' lang='lat' dir='ltr'><strong>ia</strong></span> <span class='ocrx_word' id='word_1_189' title='bbox 1143 2718 1279 2785; x_wconf 79' lang='lat' dir='ltr'><strong>prudenza</strong></span> <span class='ocrx_word' id='word_1_190' title='bbox 1303 2725 1332 2772; x_wconf 89' lang='lat' dir='ltr'><strong>et</strong></span> <span class='ocrx_word' id='word_1_191' title='bbox 1357 2719 1386 2772; x_wconf 85' lang='lat' dir='ltr'><strong>la</strong></span> <span class='ocrx_word' id='word_1_192' title='bbox 1412 2720 1551 2777; x_wconf 80' lang='lat' dir='ltr'><strong>Dott-rins</strong></span> <span class='ocrx_word' id='word_1_193' title='bbox 1571 2721 1603 2774; x_wconf 79' lang='lat' dir='ltr'><strong>dr</strong></span> 
     </span>
     <span class='ocr_line' id='line_1_21' title="bbox 470 2806 1600 2866; baseline 0.007 -7"><span class='ocrx_word' id='word_1_194' title='bbox 470 2806 622 2860; x_wconf 85' lang='lat' dir='ltr'><strong>Reverendi</strong></span> <span class='ocrx_word' id='word_1_195' title='bbox 652 2807 734 2860; x_wconf 87' lang='lat' dir='ltr'><strong>Psdri</strong></span> <span class='ocrx_word' id='word_1_196' title='bbox 753 2806 878 2861; x_wconf 88' lang='lat' dir='ltr'><strong>Giesuiti.</strong></span> <span class='ocrx_word' id='word_1_197' title='bbox 916 2806 945 2861; x_wconf 81' lang='lat' dir='ltr'><strong>L&#39;</strong></span> <span class='ocrx_word' id='word_1_198' title='bbox 958 2808 1108 2861; x_wconf 83' lang='lat' dir='ltr'><strong>assistenza</strong></span> <span class='ocrx_word' id='word_1_199' title='bbox 1132 2807 1217 2861; x_wconf 81' lang='lat' dir='ltr'><strong>sedete</strong></span> <span class='ocrx_word' id='word_1_200' title='bbox 1242 2807 1284 2861; x_wconf 89' lang='lat' dir='ltr'><strong>del</strong></span> <span class='ocrx_word' id='word_1_201' title='bbox 1309 2807 1397 2863; x_wconf 85' lang='lat' dir='ltr'><strong>Coute</strong></span> <span class='ocrx_word' id='word_1_202' title='bbox 1414 2809 1524 2866; x_wconf 81' lang='lat' dir='ltr'><strong>Veochi</strong></span> <span class='ocrx_word' id='word_1_203' title='bbox 1546 2811 1600 2866; x_wconf 80' lang='lat' dir='ltr'><strong>dst-</strong></span> 
     </span>
     <span class='ocr_line' id='line_1_22' title="bbox 471 2894 1603 2964; baseline 0.007 -15"><span class='ocrx_word' id='word_1_204' title='bbox 471 2894 525 2949; x_wconf 87' lang='lat' dir='ltr'><strong>taci</strong></span> <span class='ocrx_word' id='word_1_205' title='bbox 546 2895 591 2950; x_wconf 89' lang='lat' dir='ltr'><strong>nel</strong></span> <span class='ocrx_word' id='word_1_206' title='bbox 610 2901 701 2964; x_wconf 86' lang='lat' dir='ltr'><strong>tempo</strong></span> <span class='ocrx_word' id='word_1_207' title='bbox 719 2896 768 2949; x_wconf 86' lang='lat' dir='ltr'><strong>ohe</strong></span> <span class='ocrx_word' id='word_1_208' title='bbox 786 2913 835 2949; x_wconf 84' lang='lat' dir='ltr'><strong>con</strong></span> <span class='ocrx_word' id='word_1_209' title='bbox 854 2896 944 2950; x_wconf 90' lang='lat' dir='ltr'><strong>ordini</strong></span> <span class='ocrx_word' id='word_1_210' title='bbox 963 2897 1086 2964; x_wconf 84' lang='lat' dir='ltr'><strong>replicati</strong></span> <span class='ocrx_word' id='word_1_211' title='bbox 1106 2896 1125 2949; x_wconf 91' lang='lat' dir='ltr'><strong>il</strong></span> <span class='ocrx_word' id='word_1_212' title='bbox 1145 2902 1224 2951; x_wconf 83' lang='lat' dir='ltr'><strong>conte</strong></span> <span class='ocrx_word' id='word_1_213' title='bbox 1236 2895 1314 2950; x_wconf 82' lang='lat' dir='ltr'><strong>Taun</strong></span> <span class='ocrx_word' id='word_1_214' title='bbox 1332 2895 1446 2951; x_wconf 83' lang='lat' dir='ltr'><strong>havera</strong></span> <span class='ocrx_word' id='word_1_215' title='bbox 1459 2915 1603 2956; x_wconf 70' lang='lat' dir='ltr'><strong>comment</strong></span> 
     </span>
     <span class='ocr_line' id='line_1_23' title="bbox 471 2984 1602 3054; baseline 0.006 -17"><span class='ocrx_word' id='word_1_216' title='bbox 471 3001 487 3037; x_wconf 90' lang='lat' dir='ltr'><strong>a</strong></span> <span class='ocrx_word' id='word_1_217' title='bbox 505 2984 575 3039; x_wconf 89' lang='lat' dir='ltr'><strong>tutti</strong></span> <span class='ocrx_word' id='word_1_218' title='bbox 595 2985 615 3038; x_wconf 87' lang='lat' dir='ltr'><strong>ti</strong></span> <span class='ocrx_word' id='word_1_219' title='bbox 634 2985 832 3039; x_wconf 83' lang='lat' dir='ltr'><strong>commendanti</strong></span> <span class='ocrx_word' id='word_1_220' title='bbox 852 2985 879 3039; x_wconf 96' lang='lat' dir='ltr'><strong>di</strong></span> <span class='ocrx_word' id='word_1_221' title='bbox 899 2986 1014 3054; x_wconf 82' lang='lat' dir='ltr'><strong>nogaria</strong></span> <span class='ocrx_word' id='word_1_222' title='bbox 1033 2986 1060 3038; x_wconf 90' lang='lat' dir='ltr'><strong>iu</strong></span> <span class='ocrx_word' id='word_1_223' title='bbox 1080 2986 1145 3054; x_wconf 85' lang='lat' dir='ltr'><strong>ogni</strong></span> <span class='ocrx_word' id='word_1_224' title='bbox 1165 3002 1240 3050; x_wconf 83' lang='lat' dir='ltr'><strong>caso,</strong></span> <span class='ocrx_word' id='word_1_225' title='bbox 1265 2992 1293 3039; x_wconf 89' lang='lat' dir='ltr'><strong>et</strong></span> <span class='ocrx_word' id='word_1_226' title='bbox 1313 2985 1340 3038; x_wconf 96' lang='lat' dir='ltr'><strong>la</strong></span> <span class='ocrx_word' id='word_1_227' title='bbox 1358 2986 1484 3042; x_wconf 85' lang='lat' dir='ltr'><strong>condota</strong></span> <span class='ocrx_word' id='word_1_228' title='bbox 1502 2990 1602 3044; x_wconf 70' lang='lat' dir='ltr'><strong>sinam</strong></span> 
     </span>
     <span class='ocr_line' id='line_1_24' title="bbox 469 3073 1600 3148; baseline 0.004 -21"><span class='ocrx_word' id='word_1_229' title='bbox 469 3074 503 3128; x_wconf 88' lang='lat' dir='ltr'><strong>de</strong></span> <span class='ocrx_word' id='word_1_230' title='bbox 527 3073 580 3128; x_wconf 91' lang='lat' dir='ltr'><strong>Job</strong></span> <span class='ocrx_word' id='word_1_231' title='bbox 600 3074 684 3128; x_wconf 85' lang='lat' dir='ltr'><strong>Raiah</strong></span> <span class='ocrx_word' id='word_1_232' title='bbox 705 3074 784 3128; x_wconf 90' lang='lat' dir='ltr'><strong>Prior</strong></span> <span class='ocrx_word' id='word_1_233' title='bbox 808 3074 834 3126; x_wconf 95' lang='lat' dir='ltr'><strong>di</strong></span> <span class='ocrx_word' id='word_1_234' title='bbox 860 3076 913 3128; x_wconf 84' lang='lat' dir='ltr'><strong>San</strong></span> <span class='ocrx_word' id='word_1_235' title='bbox 934 3074 1026 3127; x_wconf 88' lang='lat' dir='ltr'><strong>Nicoio</strong></span> <span class='ocrx_word' id='word_1_236' title='bbox 1051 3073 1077 3127; x_wconf 96' lang='lat' dir='ltr'><strong>di</strong></span> <span class='ocrx_word' id='word_1_237' title='bbox 1103 3075 1246 3128; x_wconf 86' lang='lat' dir='ltr'><strong>Horoviza.</strong></span> <span class='ocrx_word' id='word_1_238' title='bbox 1284 3075 1314 3128; x_wconf 84' lang='lat' dir='ltr'><strong>L&#39;</strong></span> <span class='ocrx_word' id='word_1_239' title='bbox 1329 3075 1439 3143; x_wconf 89' lang='lat' dir='ltr'><strong>intoppi</strong></span> <span class='ocrx_word' id='word_1_240' title='bbox 1468 3077 1600 3148; x_wconf 77' lang='lat' dir='ltr'><strong>meggioti</strong></span> 
     </span>
     <span class='ocr_line' id='line_1_25' title="bbox 472 3161 1600 3232; baseline 0.005 -17"><span class='ocrx_word' id='word_1_241' title='bbox 472 3178 537 3216; x_wconf 91' lang='lat' dir='ltr'><strong>sono</strong></span> <span class='ocrx_word' id='word_1_242' title='bbox 556 3164 623 3216; x_wconf 89' lang='lat' dir='ltr'><strong>stati</strong></span> <span class='ocrx_word' id='word_1_243' title='bbox 644 3161 838 3216; x_wconf 75' lang='lat' dir='ltr'><strong>testinatione</strong></span> <span class='ocrx_word' id='word_1_244' title='bbox 866 3170 895 3216; x_wconf 89' lang='lat' dir='ltr'><strong>et</strong></span> <span class='ocrx_word' id='word_1_245' title='bbox 913 3163 930 3216; x_wconf 82' lang='lat' dir='ltr'><strong>l’</strong></span> <span class='ocrx_word' id='word_1_246' title='bbox 946 3163 1095 3231; x_wconf 83' lang='lat' dir='ltr'><strong>ignoranza</strong></span> <span class='ocrx_word' id='word_1_247' title='bbox 1114 3164 1146 3217; x_wconf 92' lang='lat' dir='ltr'><strong>de</strong></span> <span class='ocrx_word' id='word_1_248' title='bbox 1165 3164 1271 3232; x_wconf 88' lang='lat' dir='ltr'><strong>Proprii</strong></span> <span class='ocrx_word' id='word_1_249' title='bbox 1290 3164 1370 3218; x_wconf 82' lang='lat' dir='ltr'><strong>Greci</strong></span> <span class='ocrx_word' id='word_1_250' title='bbox 1391 3165 1531 3222; x_wconf 84' lang='lat' dir='ltr'><strong>imberuti</strong></span> <span class='ocrx_word' id='word_1_251' title='bbox 1549 3167 1600 3221; x_wconf 80' lang='lat' dir='ltr'><strong>dsi-</strong></span> 
     </span>
     <span class='ocr_line' id='line_1_26' title="bbox 469 3249 1601 3319; baseline 0.005 -15"><span class='ocrx_word' id='word_1_252' title='bbox 469 3249 485 3304; x_wconf 87' lang='lat' dir='ltr'><strong>i’</strong></span> <span class='ocrx_word' id='word_1_253' title='bbox 498 3252 624 3319; x_wconf 91' lang='lat' dir='ltr'><strong>opinione</strong></span> <span class='ocrx_word' id='word_1_254' title='bbox 643 3252 691 3306; x_wconf 88' lang='lat' dir='ltr'><strong>che</strong></span> <span class='ocrx_word' id='word_1_255' title='bbox 710 3251 845 3305; x_wconf 82' lang='lat' dir='ltr'><strong>facendosi</strong></span> <span class='ocrx_word' id='word_1_256' title='bbox 861 3252 988 3306; x_wconf 84' lang='lat' dir='ltr'><strong>Cattolici</strong></span> <span class='ocrx_word' id='word_1_257' title='bbox 1008 3253 1147 3306; x_wconf 84' lang='lat' dir='ltr'><strong>dovevauo</strong></span> <span class='ocrx_word' id='word_1_258' title='bbox 1167 3253 1335 3318; x_wconf 84' lang='lat' dir='ltr'><strong>rebatizarsi,</strong></span> <span class='ocrx_word' id='word_1_259' title='bbox 1354 3264 1385 3307; x_wconf 87' lang='lat' dir='ltr'><strong>et</strong></span> <span class='ocrx_word' id='word_1_260' title='bbox 1404 3254 1422 3306; x_wconf 87' lang='lat' dir='ltr'><strong>ii</strong></span> <span class='ocrx_word' id='word_1_261' title='bbox 1444 3257 1601 3310; x_wconf 73' lang='lat' dir='ltr'><strong>scandaloso</strong></span> 
     </span>
     <span class='ocr_line' id='line_1_27' title="bbox 470 3339 1599 3408; baseline 0.005 -15"><span class='ocrx_word' id='word_1_262' title='bbox 470 3339 616 3394; x_wconf 86' lang='lat' dir='ltr'><strong>Procedere</strong></span> <span class='ocrx_word' id='word_1_263' title='bbox 642 3340 669 3394; x_wconf 93' lang='lat' dir='ltr'><strong>di</strong></span> <span class='ocrx_word' id='word_1_264' title='bbox 689 3346 783 3407; x_wconf 89' lang='lat' dir='ltr'><strong>questo</strong></span> <span class='ocrx_word' id='word_1_265' title='bbox 803 3342 922 3394; x_wconf 86' lang='lat' dir='ltr'><strong>Vesoovo</strong></span> <span class='ocrx_word' id='word_1_266' title='bbox 942 3341 1096 3408; x_wconf 79' lang='lat' dir='ltr'><strong>Radouay¹)</strong></span> <span class='ocrx_word' id='word_1_267' title='bbox 1125 3341 1172 3395; x_wconf 84' lang='lat' dir='ltr'><strong>che</strong></span> <span class='ocrx_word' id='word_1_268' title='bbox 1192 3349 1347 3396; x_wconf 86' lang='lat' dir='ltr'><strong>veramente</strong></span> <span class='ocrx_word' id='word_1_269' title='bbox 1373 3343 1408 3396; x_wconf 86' lang='lat' dir='ltr'><strong>da</strong></span> <span class='ocrx_word' id='word_1_270' title='bbox 1436 3344 1468 3399; x_wconf 88' lang='lat' dir='ltr'><strong>in</strong></span> <span class='ocrx_word' id='word_1_271' title='bbox 1490 3346 1599 3400; x_wconf 75' lang='grc' dir='ltr'><strong>Εοοεεεε.</strong></span> 
     </span>
     <span class='ocr_line' id='line_1_28' title="bbox 471 3428 1600 3498; baseline 0.006 -16"><span class='ocrx_word' id='word_1_272' title='bbox 471 3428 499 3482; x_wconf 87' lang='lat' dir='ltr'><strong>Si</strong></span> <span class='ocrx_word' id='word_1_273' title='bbox 527 3430 671 3483; x_wconf 79' lang='lat' dir='ltr'><strong>estimato</strong></span> <span class='ocrx_word' id='word_1_274' title='bbox 697 3446 745 3496; x_wconf 89' lang='lat' dir='ltr'><strong>per</strong></span> <span class='ocrx_word' id='word_1_275' title='bbox 771 3430 837 3484; x_wconf 90' lang='lat' dir='ltr'><strong>bene</strong></span> <span class='ocrx_word' id='word_1_276' title='bbox 862 3430 889 3483; x_wconf 94' lang='lat' dir='ltr'><strong>di</strong></span> <span class='ocrx_word' id='word_1_277' title='bbox 918 3431 996 3484; x_wconf 83' lang='lat' dir='ltr'><strong>farne</strong></span> <span class='ocrx_word' id='word_1_278' title='bbox 1015 3430 1086 3485; x_wconf 83' lang='lat' dir='ltr'><strong>festo</strong></span> <span class='ocrx_word' id='word_1_279' title='bbox 1105 3431 1213 3498; x_wconf 85' lang='lat' dir='ltr'><strong>publiea</strong></span> <span class='ocrx_word' id='word_1_280' title='bbox 1236 3432 1276 3485; x_wconf 87' lang='lat' dir='ltr'><strong>ool</strong></span> <span class='ocrx_word' id='word_1_281' title='bbox 1302 3431 1398 3485; x_wconf 86' lang='lat' dir='ltr'><strong>sbarro</strong></span> <span class='ocrx_word' id='word_1_282' title='bbox 1428 3433 1476 3488; x_wconf 88' lang='lat' dir='ltr'><strong>del</strong></span> <span class='ocrx_word' id='word_1_283' title='bbox 1495 3435 1600 3488; x_wconf 74' lang='lat' dir='ltr'><strong>esnone</strong></span> 
     </span>
     <span class='ocr_line' id='line_1_29' title="bbox 471 3517 1599 3587; baseline 0.007 -18"><span class='ocrx_word' id='word_1_284' title='bbox 471 3517 567 3584; x_wconf 76' lang='lat' dir='ltr'><strong>perche</strong></span> <span class='ocrx_word' id='word_1_285' title='bbox 586 3518 710 3571; x_wconf 88' lang='lat' dir='ltr'><strong>contiene</strong></span> <span class='ocrx_word' id='word_1_286' title='bbox 729 3518 756 3571; x_wconf 89' lang='lat' dir='ltr'><strong>in</strong></span> <span class='ocrx_word' id='word_1_287' title='bbox 776 3535 804 3572; x_wconf 88' lang='lat' dir='ltr'><strong>se</strong></span> <span class='ocrx_word' id='word_1_288' title='bbox 823 3535 860 3572; x_wconf 89' lang='lat' dir='ltr'><strong>un</strong></span> <span class='ocrx_word' id='word_1_289' title='bbox 879 3535 950 3586; x_wconf 82' lang='lat' dir='ltr'><strong>gran</strong></span> <span class='ocrx_word' id='word_1_290' title='bbox 970 3535 1057 3587; x_wconf 89' lang='lat' dir='ltr'><strong>paese,</strong></span> <span class='ocrx_word' id='word_1_291' title='bbox 1076 3526 1105 3574; x_wconf 92' lang='lat' dir='ltr'><strong>et</strong></span> <span class='ocrx_word' id='word_1_292' title='bbox 1123 3536 1171 3587; x_wconf 89' lang='lat' dir='ltr'><strong>per</strong></span> <span class='ocrx_word' id='word_1_293' title='bbox 1189 3521 1239 3574; x_wconf 85' lang='lat' dir='ltr'><strong>dor</strong></span> <span class='ocrx_word' id='word_1_294' title='bbox 1257 3521 1345 3574; x_wconf 89' lang='lat' dir='ltr'><strong>animo</strong></span> <span class='ocrx_word' id='word_1_295' title='bbox 1366 3521 1421 3574; x_wconf 85' lang='lat' dir='ltr'><strong>ulla</strong></span> <span class='ocrx_word' id='word_1_296' title='bbox 1437 3523 1599 3578; x_wconf 77' lang='lat' dir='ltr'><strong>Sebiaronia</strong></span> 
     </span>
     <span class='ocr_line' id='line_1_30' title="bbox 472 3604 1598 3704; baseline 0.005 -46"><span class='ocrx_word' id='word_1_297' title='bbox 472 3604 520 3659; x_wconf 83' lang='lat' dir='ltr'><strong>ohe</strong></span> <span class='ocrx_word' id='word_1_298' title='bbox 539 3608 553 3658; x_wconf 79' lang='lat' dir='ltr'><strong>e</strong></span> <span class='ocrx_word' id='word_1_299' title='bbox 572 3611 648 3658; x_wconf 91' lang='lat' dir='ltr'><strong>tutta</strong></span> <span class='ocrx_word' id='word_1_300' title='bbox 667 3606 748 3674; x_wconf 86' lang='lat' dir='ltr'><strong>piena</strong></span> <span class='ocrx_word' id='word_1_301' title='bbox 767 3607 794 3660; x_wconf 92' lang='lat' dir='ltr'><strong>di</strong></span> <span class='ocrx_word' id='word_1_302' title='bbox 813 3608 959 3704; x_wconf 58' lang='lat' dir='ltr'><strong>segguitar</strong></span> <span class='ocrx_word' id='word_1_303' title='bbox 978 3608 993 3661; x_wconf 87' lang='lat' dir='ltr'><strong>l’</strong></span> <span class='ocrx_word' id='word_1_304' title='bbox 1007 3609 1145 3677; x_wconf 87' lang='lat' dir='ltr'><strong>essempio.</strong></span> <span class='ocrx_word' id='word_1_305' title='bbox 1173 3610 1218 3663; x_wconf 88' lang='lat' dir='ltr'><strong>Ha</strong></span> <span class='ocrx_word' id='word_1_306' title='bbox 1235 3610 1370 3677; x_wconf 85' lang='lat' dir='ltr'><strong>piaociuto</strong></span> <span class='ocrx_word' id='word_1_307' title='bbox 1389 3611 1425 3664; x_wconf 85' lang='lat' dir='ltr'><strong>ad</strong></span> <span class='ocrx_word' id='word_1_308' title='bbox 1446 3614 1504 3667; x_wconf 85' lang='lat' dir='ltr'><strong>essi</strong></span> <span class='ocrx_word' id='word_1_309' title='bbox 1521 3613 1598 3667; x_wconf 81' lang='lat' dir='ltr'><strong>molto</strong></span> 
     </span>
     <span class='ocr_line' id='line_1_31' title="bbox 469 3694 1598 3765; baseline 0.009 -18"><span class='ocrx_word' id='word_1_310' title='bbox 469 3694 487 3747; x_wconf 88' lang='lat' dir='ltr'><strong>ii</strong></span> <span class='ocrx_word' id='word_1_311' title='bbox 507 3695 584 3748; x_wconf 91' lang='lat' dir='ltr'><strong>modo</strong></span> <span class='ocrx_word' id='word_1_312' title='bbox 603 3711 651 3748; x_wconf 87' lang='lat' dir='ltr'><strong>con</strong></span> <span class='ocrx_word' id='word_1_313' title='bbox 671 3695 719 3749; x_wconf 83' lang='lat' dir='ltr'><strong>ohe</strong></span> <span class='ocrx_word' id='word_1_314' title='bbox 739 3696 818 3749; x_wconf 81' lang='lat' dir='ltr'><strong>furno</strong></span> <span class='ocrx_word' id='word_1_315' title='bbox 837 3698 965 3762; x_wconf 73' lang='lat' dir='ltr'><strong>trattati,</strong></span> <span class='ocrx_word' id='word_1_316' title='bbox 984 3697 1077 3765; x_wconf 78' lang='lat' dir='ltr'><strong>poiche</strong></span> <span class='ocrx_word' id='word_1_317' title='bbox 1096 3700 1178 3753; x_wconf 87' lang='lat' dir='ltr'><strong>sendo</strong></span> <span class='ocrx_word' id='word_1_318' title='bbox 1197 3700 1273 3753; x_wconf 86' lang='lat' dir='ltr'><strong>avari</strong></span> <span class='ocrx_word' id='word_1_319' title='bbox 1292 3700 1319 3753; x_wconf 89' lang='lat' dir='ltr'><strong>di</strong></span> <span class='ocrx_word' id='word_1_320' title='bbox 1338 3707 1459 3765; x_wconf 85' lang='lat' dir='ltr'><strong>natura,</strong></span> <span class='ocrx_word' id='word_1_321' title='bbox 1479 3702 1514 3756; x_wconf 90' lang='lat' dir='ltr'><strong>bo</strong></span> <span class='ocrx_word' id='word_1_322' title='bbox 1532 3702 1598 3756; x_wconf 74' lang='lat' dir='ltr'><strong>tatto</strong></span> 
     </span>
     <span class='ocr_line' id='line_1_32' title="bbox 468 3786 1600 3860; baseline 0.005 -23"><span class='ocrx_word' id='word_1_323' title='bbox 468 3790 626 3838; x_wconf 87' lang='lat' dir='ltr'><strong>mantenere</strong></span> <span class='ocrx_word' id='word_1_324' title='bbox 652 3801 700 3838; x_wconf 87' lang='lat' dir='ltr'><strong>con</strong></span> <span class='ocrx_word' id='word_1_325' title='bbox 727 3786 753 3838; x_wconf 84' lang='lat' dir='ltr'><strong>lu</strong></span> <span class='ocrx_word' id='word_1_326' title='bbox 772 3786 827 3839; x_wconf 81' lang='lat' dir='ltr'><strong>nris</strong></span> <span class='ocrx_word' id='word_1_327' title='bbox 844 3787 954 3854; x_wconf 85' lang='lat' dir='ltr'><strong>propriu</strong></span> <span class='ocrx_word' id='word_1_328' title='bbox 973 3791 1086 3854; x_wconf 80' lang='lat' dir='ltr'><strong>povertt</strong></span> <span class='ocrx_word' id='word_1_329' title='bbox 1105 3790 1173 3842; x_wconf 89' lang='lat' dir='ltr'><strong>tutti</strong></span> <span class='ocrx_word' id='word_1_330' title='bbox 1200 3790 1218 3842; x_wconf 88' lang='lat' dir='ltr'><strong>li</strong></span> <span class='ocrx_word' id='word_1_331' title='bbox 1238 3789 1390 3843; x_wconf 81' lang='lat' dir='ltr'><strong>Sacerdoti.</strong></span> <span class='ocrx_word' id='word_1_332' title='bbox 1417 3790 1556 3860; x_wconf 81' lang='lat' dir='ltr'><strong>Deputnti</strong></span> <span class='ocrx_word' id='word_1_333' title='bbox 1573 3799 1600 3844; x_wconf 80' lang='lat' dir='ltr'><strong>et</strong></span> 
     </span>
     <span class='ocr_line' id='line_1_33' title="bbox 469 3871 1599 3943; baseline 0.004 -18"><span class='ocrx_word' id='word_1_334' title='bbox 469 3871 524 3926; x_wconf 88' lang='lat' dir='ltr'><strong>loro</strong></span> <span class='ocrx_word' id='word_1_335' title='bbox 550 3872 671 3927; x_wconf 80' lang='lat' dir='ltr'><strong>serrenti</strong></span> <span class='ocrx_word' id='word_1_336' title='bbox 697 3880 772 3928; x_wconf 89' lang='lat' dir='ltr'><strong>tutto</strong></span> <span class='ocrx_word' id='word_1_337' title='bbox 797 3875 817 3929; x_wconf 90' lang='lat' dir='ltr'><strong>il</strong></span> <span class='ocrx_word' id='word_1_338' title='bbox 836 3880 925 3942; x_wconf 83' lang='lat' dir='ltr'><strong>tempo</strong></span> <span class='ocrx_word' id='word_1_339' title='bbox 952 3876 1000 3930; x_wconf 89' lang='lat' dir='ltr'><strong>che</strong></span> <span class='ocrx_word' id='word_1_340' title='bbox 1025 3877 1104 3931; x_wconf 83' lang='lat' dir='ltr'><strong>furno</strong></span> <span class='ocrx_word' id='word_1_341' title='bbox 1129 3878 1183 3943; x_wconf 90' lang='lat' dir='ltr'><strong>qui.</strong></span> <span class='ocrx_word' id='word_1_342' title='bbox 1221 3878 1259 3931; x_wconf 78' lang='lat' dir='ltr'><strong>nti</strong></span> <span class='ocrx_word' id='word_1_343' title='bbox 1283 3895 1330 3931; x_wconf 89' lang='lat' dir='ltr'><strong>sou</strong></span> <span class='ocrx_word' id='word_1_344' title='bbox 1357 3894 1426 3932; x_wconf 82' lang='lat' dir='ltr'><strong>anco</strong></span> <span class='ocrx_word' id='word_1_345' title='bbox 1453 3881 1599 3936; x_wconf 83' lang='lat' dir='ltr'><strong>esaibitos</strong></span> 
     </span>
     <span class='ocr_line' id='line_1_34' title="bbox 467 3961 1598 4024; baseline 0.004 -9"><span class='ocrx_word' id='word_1_346' title='bbox 467 3961 520 4016; x_wconf 88' lang='lat' dir='ltr'><strong>Job</strong></span> <span class='ocrx_word' id='word_1_347' title='bbox 539 3961 624 4015; x_wconf 86' lang='lat' dir='ltr'><strong>Raioh</strong></span> <span class='ocrx_word' id='word_1_348' title='bbox 651 3962 678 4016; x_wconf 89' lang='lat' dir='ltr'><strong>di</strong></span> <span class='ocrx_word' id='word_1_349' title='bbox 698 3964 827 4017; x_wconf 87' lang='lat' dir='ltr'><strong>eondurlo</strong></span> <span class='ocrx_word' id='word_1_350' title='bbox 852 3980 901 4017; x_wconf 87' lang='lat' dir='ltr'><strong>con</strong></span> <span class='ocrx_word' id='word_1_351' title='bbox 925 3965 1014 4019; x_wconf 86' lang='lat' dir='ltr'><strong>alcuni</strong></span> <span class='ocrx_word' id='word_1_352' title='bbox 1040 3966 1072 4020; x_wconf 90' lang='lat' dir='ltr'><strong>de</strong></span> <span class='ocrx_word' id='word_1_353' title='bbox 1090 3967 1148 4020; x_wconf 90' lang='lat' dir='ltr'><strong>suoi</strong></span> <span class='ocrx_word' id='word_1_354' title='bbox 1169 3967 1284 4020; x_wconf 84' lang='lat' dir='ltr'><strong>Caloieri</strong></span> <span class='ocrx_word' id='word_1_355' title='bbox 1303 3983 1376 4020; x_wconf 83' lang='lat' dir='ltr'><strong>meco</strong></span> <span class='ocrx_word' id='word_1_356' title='bbox 1401 3969 1449 4021; x_wconf 86' lang='lat' dir='ltr'><strong>nei</strong></span> <span class='ocrx_word' id='word_1_357' title='bbox 1469 3969 1598 4024; x_wconf 81' lang='lat' dir='ltr'><strong>Simius</strong></span> 
     </span>
     <span class='ocr_line' id='line_1_35' title="bbox 468 4050 1597 4126; baseline 0.011 -23"><span class='ocrx_word' id='word_1_358' title='bbox 468 4050 520 4104; x_wconf 89' lang='lat' dir='ltr'><strong>mie</strong></span> <span class='ocrx_word' id='word_1_359' title='bbox 546 4066 637 4118; x_wconf 82' lang='lat' dir='ltr'><strong>spese,</strong></span> <span class='ocrx_word' id='word_1_360' title='bbox 666 4057 694 4105; x_wconf 92' lang='lat' dir='ltr'><strong>et</strong></span> <span class='ocrx_word' id='word_1_361' title='bbox 713 4051 811 4107; x_wconf 88' lang='lat' dir='ltr'><strong>sicome</strong></span> <span class='ocrx_word' id='word_1_362' title='bbox 830 4053 885 4122; x_wconf 81' lang='lat' dir='ltr'><strong>egli</strong></span> <span class='ocrx_word' id='word_1_363' title='bbox 911 4054 1041 4108; x_wconf 77' lang='lat' dir='ltr'><strong>dhuomo</strong></span> <span class='ocrx_word' id='word_1_364' title='bbox 1065 4054 1091 4108; x_wconf 91' lang='lat' dir='ltr'><strong>di</strong></span> <span class='ocrx_word' id='word_1_365' title='bbox 1111 4055 1290 4123; x_wconf 80' lang='lat' dir='ltr'><strong>grandissimo</strong></span> <span class='ocrx_word' id='word_1_366' title='bbox 1315 4055 1419 4110; x_wconf 86' lang='lat' dir='ltr'><strong>credito</strong></span> <span class='ocrx_word' id='word_1_367' title='bbox 1447 4065 1496 4113; x_wconf 82' lang='lat' dir='ltr'><strong>tra</strong></span> <span class='ocrx_word' id='word_1_368' title='bbox 1519 4057 1597 4126; x_wconf 76' lang='lat' dir='ltr'><strong>quelli</strong></span> 
     </span>
     <span class='ocr_line' id='line_1_36' title="bbox 470 4138 1598 4211; baseline 0.009 -19"><span class='ocrx_word' id='word_1_369' title='bbox 470 4138 577 4207; x_wconf 89' lang='lat' dir='ltr'><strong>Populi,</strong></span> <span class='ocrx_word' id='word_1_370' title='bbox 604 4140 697 4206; x_wconf 90' lang='lat' dir='ltr'><strong>quiudi</strong></span> <span class='ocrx_word' id='word_1_371' title='bbox 716 4142 818 4208; x_wconf 88' lang='lat' dir='ltr'><strong>prendo</strong></span> <span class='ocrx_word' id='word_1_372' title='bbox 837 4141 853 4194; x_wconf 90' lang='lat' dir='ltr'><strong>l’</strong></span> <span class='ocrx_word' id='word_1_373' title='bbox 866 4142 956 4196; x_wconf 82' lang='lat' dir='ltr'><strong>ordire</strong></span> <span class='ocrx_word' id='word_1_374' title='bbox 975 4144 1002 4197; x_wconf 93' lang='lat' dir='ltr'><strong>di</strong></span> <span class='ocrx_word' id='word_1_375' title='bbox 1021 4144 1158 4211; x_wconf 81' lang='lat' dir='ltr'><strong>supplicas</strong></span> <span class='ocrx_word' id='word_1_376' title='bbox 1176 4144 1451 4200; x_wconf 84' lang='lat' dir='ltr'><strong>humilissimameute</strong></span> <span class='ocrx_word' id='word_1_377' title='bbox 1475 4146 1504 4201; x_wconf 73' lang='lat' dir='ltr'><strong>la</strong></span> <span class='ocrx_word' id='word_1_378' title='bbox 1520 4145 1598 4201; x_wconf 68' lang='lat' dir='ltr'><strong>Sacra</strong></span> 
     </span>
     <span class='ocr_line' id='line_1_37' title="bbox 468 4227 1597 4300; baseline 0.006 -19"><span class='ocrx_word' id='word_1_379' title='bbox 468 4227 583 4282; x_wconf 82' lang='lat' dir='ltr'><strong>Cesarea</strong></span> <span class='ocrx_word' id='word_1_380' title='bbox 611 4229 716 4283; x_wconf 75' lang='lat' dir='ltr'><strong>iiaesta</strong></span> <span class='ocrx_word' id='word_1_381' title='bbox 739 4230 841 4285; x_wconf 69' lang='grc' dir='ltr'><strong>νοεῖτε</strong></span> <span class='ocrx_word' id='word_1_382' title='bbox 868 4231 894 4284; x_wconf 83' lang='grc' dir='ltr'><strong>(Ιί</strong></span> <span class='ocrx_word' id='word_1_383' title='bbox 924 4231 1026 4286; x_wconf 83' lang='lat' dir='ltr'><strong>rolerlo</strong></span> <span class='ocrx_word' id='word_1_384' title='bbox 1053 4233 1177 4300; x_wconf 78' lang='lat' dir='ltr'><strong>gratiore</strong></span> <span class='ocrx_word' id='word_1_385' title='bbox 1205 4233 1247 4287; x_wconf 91' lang='lat' dir='ltr'><strong>del</strong></span> <span class='ocrx_word' id='word_1_386' title='bbox 1275 4233 1364 4286; x_wconf 89' lang='lat' dir='ltr'><strong>Titolo</strong></span> <span class='ocrx_word' id='word_1_387' title='bbox 1392 4234 1421 4287; x_wconf 92' lang='lat' dir='ltr'><strong>di</strong></span> <span class='ocrx_word' id='word_1_388' title='bbox 1452 4235 1597 4298; x_wconf 76' lang='lat' dir='ltr'><strong>Vesooro&#39;)</strong></span> 
     </span>
    </p>
   </div>
   <div class='ocr_carea' id='block_1_7' title="bbox 500 4460 1595 4600">
    <p class='ocr_par' dir='ltr' id='par_1_7' title="bbox 500 4460 1595 4600">
     <span class='ocr_line' id='line_1_38' title="bbox 500 4460 1595 4530; baseline 0.008 -23"><span class='ocrx_word' id='word_1_389' title='bbox 500 4460 520 4528; x_wconf 86' lang='lat'><strong>¹)</strong></span> <span class='ocrx_word' id='word_1_390' title='bbox 542 4464 610 4510; x_wconf 63' lang='lat' dir='ltr'><strong>¹icta</strong></span> <span class='ocrx_word' id='word_1_391' title='bbox 629 4464 756 4526; x_wconf 84' lang='lat' dir='ltr'><strong>Episcopi</strong></span> <span class='ocrx_word' id='word_1_392' title='bbox 778 4463 895 4512; x_wconf 81' lang='lat' dir='ltr'><strong>biathiae</strong></span> <span class='ocrx_word' id='word_1_393' title='bbox 915 4467 1012 4528; x_wconf 80' lang='lat' dir='ltr'><strong>Ignatii</strong></span> <span class='ocrx_word' id='word_1_394' title='bbox 1034 4467 1168 4530; x_wconf 78' lang='lat' dir='ltr'><strong>Radonay</strong></span> <span class='ocrx_word' id='word_1_395' title='bbox 1193 4468 1288 4530; x_wconf 82' lang='lat' dir='ltr'><strong>insigni</strong></span> <span class='ocrx_word' id='word_1_396' title='bbox 1315 4472 1514 4520; x_wconf 81' lang='lat' dir='ltr'><strong>commentario</strong></span> <span class='ocrx_word' id='word_1_397' title='bbox 1538 4470 1595 4520; x_wconf 84' lang='lat' dir='ltr'><strong>illu·</strong></span> 
     </span>
     <span class='ocr_line' id='line_1_39' title="bbox 540 4535 1270 4600; baseline 0.01 -20"><span class='ocrx_word' id='word_1_398' title='bbox 540 4542 603 4581; x_wconf 80' lang='lat' dir='ltr'><strong>strat</strong></span> <span class='ocrx_word' id='word_1_399' title='bbox 625 4535 788 4596; x_wconf 77' lang='lat' dir='ltr'><strong>Briisztle‚</strong></span> <span class='ocrx_word' id='word_1_400' title='bbox 810 4537 942 4599; x_wconf 61' lang='lat' dir='ltr'><strong>Reatino,</strong></span> <span class='ocrx_word' id='word_1_401' title='bbox 962 4547 972 4585; x_wconf 90' lang='lat' dir='ltr'><strong>t</strong></span> <span class='ocrx_word' id='word_1_402' title='bbox 1004 4550 1035 4594; x_wconf 84' lang='lat' dir='ltr'><strong>t„</strong></span> <span class='ocrx_word' id='word_1_403' title='bbox 1055 4554 1098 4600; x_wconf 83' lang='lat' dir='ltr'><strong>pp.</strong></span> <span class='ocrx_word' id='word_1_404' title='bbox 1119 4550 1270 4600; x_wconf 71' lang='lat'><strong>432—470.</strong></span> 
     </span>
    </p>
   </div>
   <div class='ocr_carea' id='block_1_8' title="bbox 498 4618 818 4688">
    <p class='ocr_par' dir='ltr' id='par_1_8' title="bbox 498 4618 818 4688">
     <span class='ocr_line' id='line_1_40' title="bbox 498 4618 818 4688; baseline 0.006 -20"><span class='ocrx_word' id='word_1_405' title='bbox 498 4618 520 4688; x_wconf 71' lang='lat'><strong>²)</strong></span> <span class='ocrx_word' id='word_1_406' title='bbox 540 4624 593 4668; x_wconf 69' lang='lat' dir='ltr'><strong>(lit.</strong></span> <span class='ocrx_word' id='word_1_407' title='bbox 614 4638 692 4684; x_wconf 79' lang='lat' dir='ltr'><strong>supra</strong></span> <span class='ocrx_word' id='word_1_408' title='bbox 712 4639 737 4686; x_wconf 79' lang='lat' dir='ltr'><strong>p,</strong></span> <span class='ocrx_word' id='word_1_409' title='bbox 760 4636 818 4686; x_wconf 68' lang='lat'><strong>740.</strong></span> 
     </span>
    </p>
   </div>
   <div class='ocr_carea' id='block_1_9' title="bbox 0 0 1868 5617">
    <p class='ocr_par' dir='ltr' id='par_1_9' title="bbox 0 0 1868 5617">
     <span class='ocr_line' id='line_1_41' title="bbox 0 0 1868 5617; baseline 0 2"><span class='ocrx_word' id='word_1_410' title='bbox 0 0 1868 5617; x_wconf 95' lang='lat' dir='ltr'><strong> </strong></span> 
     </span>
    </p>
   </div>
  </div>
 </body>
</html>
