3725 5617
479 642 514 693 60
718 639 748 691 L.
768 639 789 691 1.
818 641 847 705 Q.
869 639 889 691 1.
928 639 967 691 De
987 637 1106 690 transitu
1125 636 1159 689 ad
1178 636 1261 689 ritum
1280 651 1369 702 grece.

999 947 1031 1036 ᾗ.
1054 949 1084 1016 5.

497 1084 643 1147 Peroratio
662 1085 691 1146 st
709 1084 887 1147 toronicus
901 1082 1050 1144 conclusio
1067 1082 1097 1143 tr
1111 1081 1139 1142 8.
1153 1080 1375 1154 connectione
1388 1078 1595 1152 ursinum

940 1206 1001 1270 sub
1026 1206 1140 1270 titulo:

905 1330 1002 1383 ALLA
1020 1322 1173 1385 SANTITA

1023 1419 1064 1472 DI

881 1507 1020 1563 NOSTRO
1047 1506 1205 1562 SIGNORE

747 1597 868 1652 NELLA
886 1597 1008 1651 SAGRA
1026 1596 1334 1650 CONGREGATIONE

902 1686 973 1740 DEL
993 1686 1019 1740 S,
1039 1685 1182 1740 OFFIZIO

1007 1774 1080 1828 PER

710 1864 747 1916 IL
766 1863 857 1917 SIGN.
877 1862 1088 1917 CARDINALE
1108 1863 1148 1916 DI
1167 1860 1376 1918 COLLONITZ.

890 1977 1187 2033 MEMORIALE.

534 2101 564 2146 In
587 2102 684 2156 Roma,
706 2098 777 2146 nella
795 2098 937 2161 stamperia
956 2097 1028 2145 della
1051 2100 1118 2147 Rev.
1139 2099 1212 2149 Cam.
1234 2097 1402 2160 Apostolica,
1426 2096 1503 2159 1706.
1522 2124 1556 2132 -

840 2179 896 2225 (Yon
917 2177 1019 2225 liccnza
1039 2178 1080 2225 de'
1101 2176 1243 2240 Superiori.

563 2313 686 2359 Extrema
706 2311 808 2359 Causae
828 2311 957 2361 defensio.
977 2338 1011 2346 -
1033 2310 1207 2373 Amplissirna
1226 2309 1406 2372 exemplorum
1426 2309 1521 2358 similis

878 2383 1059 2434 concessionis
1079 2381 1212 2432 collectio,

501 2523 723 2590 uernoriale
747 2523 961 2607 perorandi
986 2541 1104 2589 cuusu
1129 2541 1197 2606 pro
1223 2523 1251 2587 S.
1277 2521 1589 2606 Gorrgrogationr

850 2630 959 2714 typis
985 2629 1238 2712 exscriptum.

697 2782 892 2844 Beatissimo
917 2782 1024 2845 Pater.

572 2917 749 3000 Postquam
775 2914 1048 2998 Metropolitanus
1073 2915 1309 2997 strigoniensis
1332 2912 1504 2976 Ecclesiae
1527 2911 1602 2996 regi·

483 3045 558 3086 uren
583 3023 857 3108 vigilantissimus
881 3021 1026 3100 l'ruesui‚
1053 3023 1218 3083 Dominus
1245 3016 1433 3084 Cordinalis
1457 3043 1478 3084 a
1500 3017 1601 3084 Kollo-

482 3133 576 3209 nicz‚
610 3130 770 3214 suscepit„
808 3128 853 3191 nil
879 3130 985 3212 inagis
1009 3128 1100 3191 cordi
1126 3127 1260 3208 habuit,
1296 3148 1395 3213 quam
1420 3126 1463 3191 nd
1488 3127 1600 3191 bonam

482 3237 611 3318 frugem
643 3260 682 3299 uc
708 3238 856 3298 veritatis
881 3237 970 3297 riuru
996 3257 1152 3297 rovocare
1186 3233 1447 3319 ‹urunrplurinros
1471 3230 1601 3319 populos

482 3365 560 3406 sune
593 3344 709 3408 ditioni
735 3342 884 3405 subditos
917 3343 1027 3418 structi
1053 3343 1134 3404 ritus
1158 3340 1316 3420 cultores,
1347 3339 1405 3402 sed
1440 3342 1473 3403 iu
1499 3337 1601 3404 multis

482 3449 647 3514 erroribus
671 3451 758 3511 circu
784 3448 882 3511 tirlcru
910 3448 1085 3512 involutos.

572 3556 764 3640 Eodemque
790 3555 859 3617 zelo
885 3554 925 3617 :ul
953 3554 1039 3617 idern
1066 3577 1148 3639 opus
1172 3555 1406 3634 Suffruguneos
1427 3553 1602 3639 Episcopus

481 3664 628 3748 aliosque
648 3661 811 3726 i’ruelutos
837 3664 869 3724 iu
896 3662 1108 3724 inferioribus
1125 3662 1319 3742 lluuguriue
1343 3670 1376 3723 et
1392 3663 1521 3724 Daciae
1537 3681 1600 3745 pur

482 3769 571 3832 tibus
604 3769 742 3854 aliisque
776 3771 917 3832 annexis
952 3770 1133 3853 provinciis
1165 3769 1331 3832 iurituvit.
1378 3767 1423 3830 Et
1455 3765 1602 3853 quumvis

484 3875 633 3961 pluribus
676 3878 708 3939 iu
742 3875 823 3939 locis
863 3899 924 3961 ope
958 3878 1086 3960 pioruur
1126 3888 1157 3939 ot
1195 3875 1365 3938 doctorum
1400 3873 1601 3938 sacerdotum

482 3983 575 4046 iutiui
601 3985 700 4063 ritus,
734 3986 791 4068 qui
816 3984 907 4045 fuere
934 3982 1094 4066 delegati,
1129 3983 1209 4045 dicti
1235 4003 1359 4045 errores
1382 3981 1489 4064 fugati
1514 3979 1602 4044 exsti·

484 4091 598 4166 terint,
636 4103 747 4152 tumen
783 4091 814 4152 iu
849 4089 923 4152 uliis
957 4089 1122 4173 portibus,
1161 4092 1192 4151 in
1228 4088 1349 4173 quibus
1383 4089 1489 4172 ruujor
1521 4089 1603 4172 riget

483 4197 777 4260 Schisurutirorurn
813 4198 924 4280 copia.
961 4197 1028 4259 fore
1060 4197 1091 4258 in
1119 4197 1244 4257 irriturn
1271 4194 1392 4258 recidit
1423 4192 1535 4274 lubor,
1570 4213 1603 4254 es

483 4305 628 4380 tutione,
661 4307 737 4389 quiu
763 4326 862 4388 quuur
891 4304 1001 4388 popuii
1030 4302 1074 4366 iili
1100 4305 1228 4382 graccis
1259 4302 1376 4366 ritibus
1400 4303 1603 4366 tenacissimo

482 4411 701 4478 udlruurcaut.
731 4433 832 4490 grove
866 4411 977 4474 icrunt
1010 4411 1196 4474 sacerdotes
1220 4410 1349 4474 latinos.
1397 4409 1487 4474 Hinc
1513 4431 1603 4496 expu-

483 4520 602 4581 rirntio
628 4531 832 4603 rornprrturu
859 4530 923 4597 cst,
955 4520 1089 4580 uuiruru
1116 4541 1173 4602 pro
1198 4529 1364 4580 tunturuur
1388 4516 1539 4600 gentium
1562 4535 1603 4578 ru·

484 4623 639 4688 dirutione
665 4623 846 4687 rruuerlium
872 4622 1032 4708 applicari
1058 4646 1171 4708 posse,
1199 4639 1234 4686 nt
1257 4620 1384 4686 seilicet
1407 4621 1604 4708 presbyteris
