3725 5617
785 1148 1050 1253 Caputll

537 1300 630 1372 ueta
652 1298 795 1373 lttanasii
818 1319 836 1372 a
859 1298 970 1371 micetio
992 1298 1109 1371 arbitris
1132 1296 1305 1390 dijudicatae.

879 1490 909 1578 a.
935 1491 964 1557 ι.

487 1626 679 1693 Libellus
712 1626 939 1693 Athanasii
964 1625 1139 1692 Primati
1172 1625 1352 1692 oblatus.

450 1776 559 1857 Quum
585 1776 666 1840 mihi
692 1787 948 1841 remonstratum
973 1778 1015 1840 sit
1046 1786 1079 1840 et
1104 1799 1194 1840 nunc
1217 1775 1320 1861 probe
1346 1786 1483 1856 constat,

380 1883 543 1969 complures
566 1886 679 1967 graeci
700 1886 783 1947 ritus
807 1884 1037 1947 schismaticos
1054 1886 1235 1968 episcopos
1261 1883 1484 1968 metropolitas

379 2003 404 2050 ct
419 1989 618 2074 patriarchas
644 2012 709 2054 non
725 1991 822 2054 modo
848 1993 1029 2054 simoniace
1046 1992 1225 2075 irrepsisse,
1252 2012 1367 2053 verum
1384 1992 1484 2053 etiam

381 2096 500 2160 violente
524 2099 596 2160 sine
620 2120 700 2161 vera
724 2107 756 2160 et
779 2098 927 2181 legitima
952 2097 1159 2160 ordinatione
1184 2106 1216 2160 et
1237 2100 1484 2161 consecratione

381 2223 424 2285 per
442 2203 642 2289 adjutorium
667 2227 872 2289 paganorum
897 2204 992 2267 sedes
1016 2227 1090 2267 suas
1115 2226 1309 2289 occupasse,
1334 2204 1484 2289 adeoque

380 2309 526 2374 ordinatos
555 2333 576 2373 a
599 2309 721 2374 talibus
752 2322 811 2373 aut
833 2334 853 2374 a
877 2310 994 2374 talium
1024 2310 1288 2390 successoribus,
1320 2332 1381 2394 per
1404 2332 1486 2396 quos

384 2427 472 2480 umen
503 2439 565 2501 ego
591 2415 762 2480 ordinatus
794 2427 827 2480 et
850 2428 1060 2480 consecratus
1085 2439 1175 2498 sum,
1212 2439 1274 2479 nec
1299 2438 1393 2480 veros
1425 2439 1486 2480 nec

381 2518 523 2606 legitimos
554 2518 764 2608 presbyteros
796 2535 828 2586 ct
851 2526 1023 2609 episcopos
1055 2547 1141 2604 esse3
1178 2523 1320 2602 idcirco,
1356 2533 1393 2586 ut
1425 2546 1486 2608 ego

380 2626 499 2695 demea
523 2632 558 2694 in
585 2630 815 2715 presbyterum
841 2630 1049 2693 ordinatione
1073 2654 1112 2693 ac
1137 2632 1170 2693 in
1195 2632 1386 2715 episcopum
1412 2653 1486 2694 con·

381 2740 545 2801 sacratione
569 2738 697 2823 (utpote
720 2739 851 2820 negotio
877 2740 1015 2801 maximi
1033 2739 1189 2801 momenti
1214 2759 1273 2823 pro
1293 2737 1397 2801 salute
1412 2737 1485 2801 sub-

374 2840 522 2924 jectarum
557 2842 640 2906 mihi
674 2845 707 2906 in
742 2843 970 2927 spiritualibus
1001 2844 1220 2923 ovicularum)
1254 2845 1486 2908 certitudinem

378 2954 546 3029 nanciscar,
572 2948 615 3012 ab
635 2949 915 3034 archicpiscopo¹)
933 2950 1162 3034 Strigoniensi,
1188 2973 1260 3015 meo
1277 2951 1486 3036 metropolita

374 3055 423 3121 ab
445 3056 642 3121 conditione
666 3058 699 3119 in
725 3057 957 3141 presbyterum
982 3058 1164 3122 reordinari
1190 3061 1277 3122 acin
1295 3060 1487 3143 episcopum

372 3163 469 3228 taliter
500 3165 725 3226 reconsecrari
757 3164 896 3248 postulo.
945 3165 987 3228 Et
1019 3168 1097 3250 quia
1130 3165 1217 3228 idem
1243 3165 1381 3229 dubium
1415 3188 1488 3251 pru-

369 3269 477 3336 denter
500 3270 544 3334 de
570 3269 727 3355 subjectis
752 3270 833 3334 mihi
860 3275 1050 3357 protopopis
1080 3284 1111 3334 ct
1135 3275 1229 3357 popis
1261 3294 1317 3335 seu
1343 3295 1401 3357 per
1426 3295 1487 3355 me,

368 3400 417 3442 aen
448 3401 511 3464 per
544 3399 635 3440 meos
666 3388 889 3440 antecessores
929 3378 1157 3441 schismaticos
1189 3380 1360 3462 episcopos
1392 3377 1488 3441 Vala-

366 3485 499 3551 chorum
526 3484 688 3547 ordinatis
712 3495 872 3564 versatur,
898 3487 1052 3569 promitto
1079 3506 1130 3547 me
1155 3486 1188 3548 in
1213 3486 1365 3568 proxima
1389 3483 1489 3546 eccle-

365 3594 484 3656 siarum
518 3602 552 3655 et
576 3590 808 3675 parochiarum
834 3613 981 3654 mearum
1007 3593 1195 3654 visitatione
1220 3612 1490 3676 unumquemque

363 3698 634 3785 presbyterorum
658 3680 715 3761 seu
738 3720 900 3782 poparum
925 3697 987 3761 sub
1008 3698 1197 3761 conditione
1214 3697 1490 3762 reordinaturum.

451 3824 606 3887 Viennae
631 3823 684 3886 die
711 3824 739 3887 l.
765 3845 877 3886 mense
903 3823 1028 3907 Aprilis
1055 3824 1151 3886 1701.

404 3959 459 4043 (B.
486 3957 530 4022 U.
553 3956 593 4019 Β.
618 3978 673 4041 pp.
698 3957 761 4019 ‘247
788 3979 877 4042 seqq.
897 3957 958 4041 jot.
984 3957 1024 4021 A.
1051 3955 1149 4019 P—I.
1175 3955 1231 4038 Υ.)

393 4208 415 4275 ²)
434 4211 467 4257 In
494 4207 655 4270 exemplari,
682 4208 753 4269 quod
779 4208 903 4255 insertum
929 4215 969 4254 est
988 4207 1066 4254 Actis
1092 4208 1119 4254 S.
1140 4206 1358 4268 congregationis
1379 4207 1492 4253 Sanctae

434 4284 581 4329 Romanae
609 4286 636 4326 ct
664 4279 828 4326 Universalis
854 4279 1053 4341 Inquisitionis,
1085 4293 1132 4341 pro
1164 4278 1368 4341 archiepiscopo
1396 4277 1493 4338 legitur

432 4354 566 4413 episcopo,
586 4357 615 4397 ut
632 4350 702 4397 infra
721 4350 839 4398 dicemus
858 4366 883 4413 p.
908 4361 964 4410 109.
