3725 5617
364 646 419 700 656
454 694 456 697 ⁴
541 644 570 699 t.
589 644 640 697 111.
679 645 719 698 De
737 644 852 698 historia
871 644 999 698 ecclesiae
1017 645 1199 697 Rumenorum
1218 643 1323 699 unitae.

364 785 472 839 dedisse
500 787 707 844 resolutionem,
742 795 774 839 nt
802 803 853 852 ego
882 787 915 839 ad
949 786 1132 853 ‹nriscopatum
1161 788 1196 843 M.
1226 787 1453 842 Vdradinensern
1481 795 1509 843 et

366 873 491 928 dominus
511 875 657 943 Episcopus
683 876 739 943 ejas
765 876 799 929 ad
818 876 1041 943 Fugarasiensem
1068 877 1211 940 transirem
1239 893 1286 944 per
1311 877 1366 930 hoe
1386 895 1456 932 sane
1480 887 1507 932 et

365 963 496 1017 ecclesiae
516 965 658 1031 utriusque
677 965 745 1018 bono
764 973 793 1018 et
812 965 961 1018 characteri
980 982 1037 1018 ineo
1058 966 1201 1032 episcopali
1220 966 1417 1033 condigneque
1431 968 1508 1021 rneri-

367 1058 458 1105 torum
487 1058 516 1105 et
544 1053 738 1108 indefessorum
768 1070 784 1106 a
810 1054 911 1108 teneris
940 1054 1060 1107 laborum
1090 1070 1207 1107 nieorum
1236 1071 1284 1121 pro
1313 1064 1400 1109 tanto
1430 1056 1508 1110 lrocce

366 1141 475 1207 publico
494 1141 644 1196 locatorum
664 1144 763 1197 rationi
783 1143 897 1210 amplius
917 1144 1068 1196 consultum
1088 1143 1199 1209 fnisset,
1221 1151 1286 1196 tunc
1306 1145 1416 1199 etenim
1435 1146 1505 1199 sian

369 1247 428 1284 mea
447 1232 566 1297 vivendi,
586 1233 695 1300 agendi,
715 1233 880 1300 regendique
900 1233 971 1286 ratio
990 1241 1018 1286 et
1038 1233 1194 1287 innocentia
1208 1232 1273 1286 alibi
1287 1234 1422 1301 gentium
1436 1236 1507 1288 iuter

368 1320 514 1374 catholicos
547 1322 722 1388 hominesque
750 1338 766 1374 a
794 1322 914 1389 partium
947 1329 975 1374 et
1003 1323 1144 1390 praecipue
1177 1322 1388 1378 actionalitatis
1417 1325 1506 1378 studio

367 1408 481 1474 alienos,
500 1409 575 1463 intra
593 1410 675 1465 breve
694 1416 799 1479 tempus
818 1411 1009 1478 proculdubio
1028 1411 1166 1474 eluxisset,
1186 1410 1226 1464 ita
1244 1412 1409 1478 partialitas
1421 1414 1505 1467 Tran-

366 1497 536 1553 silvanorum
555 1515 588 1553 ex
607 1516 679 1553 mero
699 1500 839 1568 religionis
858 1499 917 1553 odio
937 1506 966 1553 ct
982 1500 1084 1568 jurium
1103 1499 1308 1567 episcopalium,
1327 1501 1455 1568 clerique
1473 1502 1505 1555 ad

370 1587 426 1641 vim
444 1604 581 1642 sacrorum
600 1588 887 1657 caesareo-regiorum
906 1588 1083 1655 diplomatum
1108 1589 1371 1656 subsecutarumque
1391 1590 1417 1644 b.
1438 1591 1506 1644 ordi·

368 1678 512 1731 nationum
541 1678 708 1746 exigentiam
737 1678 868 1731 instituta
896 1677 1028 1740 tuitione,
1061 1687 1156 1741 enata,
1188 1689 1215 1731 et
1243 1678 1343 1732 exinde
1374 1680 1506 1733 adversus

369 1782 463 1821 omues
482 1771 665 1821 antecessores
685 1783 756 1821 meos
775 1767 902 1821 continue
916 1767 1013 1834 vigens
1027 1767 1131 1820 invidia
1149 1774 1177 1819 et
1190 1766 1296 1821 aversio
1309 1775 1390 1821 certo
1404 1768 1505 1823 certius

283 1843 288 1852 ¹
371 1871 431 1909 cnm
451 1855 618 1909 translocato
637 1872 742 1923 quoque
761 1857 884 1923 episcopo
898 1872 982 1922 aeque
1001 1856 1077 1909 brevi
1098 1856 1125 1909 in
1139 1856 1258 1923 apricum
1274 1856 1435 1922 prodiisset
1456 1857 1506 1910 im·

368 1960 423 2010 que
441 1945 660 2014 Angustissimus
686 1944 766 1999 facile
785 1952 910 2011 certoque
935 1952 1104 2011 penetrasset
1123 1961 1216 1998 causas
1242 1945 1274 1998 ob
1294 1962 1365 2012 quas
1386 1963 1438 2000 nec
1457 1962 1507 2015 ego

371 2034 443 2101 ipse,
472 2050 521 2087 nec
540 2034 637 2100 reliqui
656 2035 685 2088 iu
703 2034 894 2087 Transilnania
913 2035 1054 2087 antistites
1074 2035 1140 2088 adeo
1159 2051 1206 2102 pro
1225 2034 1302 2088 domo
1321 2034 1392 2098 Dei,
1412 2035 1508 2090 Uncti·

369 2138 423 2192 que
447 2124 504 2191 ejus
524 2122 659 2188 zelantes,
685 2139 869 2189 summumque
889 2123 1032 2176 servitium
1058 2123 1092 2176 ad
1111 2124 1233 2189 quamvis
1252 2123 1425 2179 occasionem
1445 2125 1508 2179 fide·

371 2212 436 2265 liter
448 2220 643 2279 promoventes,
657 2228 749 2279 pacem
762 2212 847 2265 hicet
860 2211 1028 2266 concordiam
1041 2212 1146 2278 assequi
1162 2212 1279 2275 soleant,
1299 2214 1507 2281 valuerintque.

295 2289 297 2293 ’
369 2300 515 2355 Caeterum

444 2405 496 2458 ego
521 2390 555 2443 ad
579 2388 800 2457 benignissimam
825 2389 896 2443 Suae
921 2388 1076 2457 llIaJestatis
1102 2389 1306 2444 sacratissimae
1329 2392 1507 2447 voluntatem

372 2493 415 2532 me
439 2485 527 2531 totum
553 2494 692 2546 compono,
722 2485 750 2532 et
775 2478 1042 2532 munificentissimae
1066 2478 1174 2546 gratiae
1200 2494 1221 2531 c.
1245 2495 1302 2546 reg.
1327 2480 1414 2547 plene
1440 2499 1508 2536 corn·

372 2568 467 2631 mitto,
500 2583 555 2621 una
588 2574 617 2621 et
650 2567 760 2633 speciali
798 2567 983 2621 Excellentiae
1015 2567 1130 2620 Vestrae
1163 2568 1327 2634 patrocinio,
1365 2572 1508 2639 totiusque

372 2656 502 2711 Excelsae
522 2657 706 2710 Cancellariae
732 2657 870 2710 favoribus
890 2657 986 2710 intime
1011 2657 1177 2722 commendo,
1204 2663 1288 2722 utque
1313 2674 1364 2725 pro
1390 2660 1434 2715 liis
1454 2677 1507 2715 om·

370 2744 449 2798 nibus
475 2745 583 2800 debitas
609 2746 810 2813 augustissimo
836 2746 944 2814 gratias
976 2763 1064 2800 coram
1090 2762 1172 2814 agere
1204 2763 1235 2800 ac
1258 2762 1368 2801 sacram
1400 2766 1423 2803 c.
1451 2766 1508 2819 reg.

371 2834 512 2888 dexteram
544 2835 577 2888 de
601 2851 675 2902 genu
706 2836 734 2889 in
759 2836 819 2888 vita
849 2835 937 2888 adhuc
962 2836 1058 2888 ultimo
1084 2836 1240 2889 desnaviari
1270 2837 1419 2905 laetusque
1445 2840 1508 2895 dein

368 2922 445 2977 obire
473 2940 521 2991 per
546 2924 663 2991 idipsum
687 2924 872 2978 Excellentiae
897 2925 1013 2978 Vestrae
1041 2926 1220 2992 patrocinium
1248 2926 1377 2994 valeam,
1406 2929 1509 2984 iterum

371 3012 523 3079 iterumque
542 3013 739 3067 instantissime
759 3030 836 3066 orare
854 3014 975 3067 sustineo
994 3027 1134 3067 aeternnm
1159 3013 1321 3068 emoriturus

444 3129 617 3183 Batasfalvac
639 3134 679 3185 15.
700 3131 802 3197 Aprilis
824 3132 899 3183 1782.

612 3236 797 3290 Excellentiae
818 3238 931 3290 Vestrae

798 3344 962 3397 hiimillinrus
982 3353 1010 3397 et
1029 3343 1278 3409 obsequiosissimus
1298 3359 1398 3398 seruus

862 3452 981 3519 Eppus.
1001 3454 1096 3518 ltreg.
1117 3451 1222 3517 Major
1241 3467 1274 3504 in.
1296 3466 1319 3517 p.

449 3717 611 3771 pontificatu
631 3718 751 3784 deposito
770 3719 915 3786 Episcopus
931 3719 1017 3785 llnjor
1036 3733 1064 3770 se
1083 3735 1099 3769 a
1119 3718 1237 3786 negotiis
1257 3718 1374 3785 publicis
1395 3719 1424 3773 in
1446 3728 1510 3775 tuta

372 3806 432 3859 otia
452 3807 584 3874 recipiens
603 3807 708 3873 placida
727 3820 813 3860 inerte
832 3808 988 3872 conquievit
1014 3823 1083 3859 atino
1104 3810 1172 3860 1785
1192 3807 1316 3870 ineunte,
1342 3807 1372 3860 iu
1393 3809 1510 3864 ecclesio

376 3896 590 3948 Baltzsialvensi
610 3896 740 3962 sepultus.
