3725 5617
754 634 786 691 L.
805 633 842 689 II.
879 635 920 690 De
938 635 1045 691 Unionc
1063 636 1253 691 Romanorum.

993 869 1018 921 2.

752 963 798 1019 De
816 963 916 1019 beata
933 970 1039 1019 morte
1057 963 1259 1035 Athanasii„

530 1096 654 1163 Tribus
683 1099 816 1162 circiter
846 1097 1017 1163 mensibus
1042 1099 1129 1185 jetro
1162 1107 1194 1163 et
1217 1098 1367 1185 hydrope
1400 1097 1568 1179 laborans,

441 1204 754 1291 supervenientibus
777 1204 939 1291 petechiis
964 1206 1015 1272 19.
1040 1206 1183 1289 Augusti
1207 1207 1299 1289 (anni
1327 1201 1443 1287 1713),
1474 1204 1569 1270 Patri

441 1312 533 1397 prius
562 1309 713 1397 theologo
746 1333 764 1375 e
793 1321 904 1376 nostra
927 1312 1092 1377 Societate
1123 1312 1309 1394 confessus,
1346 1311 1569 1398 omnibusque

440 1419 653 1483 morientium
677 1420 892 1483 sacramentis
916 1421 1080 1502 munitus,
1112 1421 1197 1483 inter
1224 1419 1426 1484 adstantium
1450 1440 1569 1505 preces

440 1525 543 1613 (facta
572 1526 665 1611 prius
695 1525 739 1590 ad
770 1528 1022 1591 circumstantes
1052 1549 1156 1614 popas
1184 1527 1426 1608 cohortatione,
1464 1536 1501 1591 ut
1531 1527 1566 1590 in

440 1641 573 1718 arrepta
594 1632 725 1724 Unionc
749 1655 824 1697 cum
849 1633 1000 1698 Romana
1024 1632 1175 1698 Ecclesia
1199 1644 1387 1724 constantes
1409 1632 1568 1719 perdura·

441 1748 525 1821 rent,
549 1738 810 1825 fidelitatemque
834 1761 928 1804 suam
953 1762 1031 1825 erga
1055 1738 1306 1805 Sanctissimam
1325 1741 1465 1805 Matrem
1490 1761 1564 1804 eon·

439 1849 621 1928 servarent)
651 1846 805 1912 ardentes
836 1845 972 1912 eliciens
1002 1849 1141 1912 affectus
1164 1845 1228 1911 sibi
1259 1868 1363 1933 usque
1392 1846 1436 1911 ad
1459 1857 1567 1910 extre-

439 1974 532 2018 mum
561 1975 717 2039 praesens
747 1955 895 2018 animam
926 1955 1065 2018 creatori
1097 1975 1156 2018 suo
1186 1953 1340 2018 reddidit
1374 1991 1416 2002 —
1448 1953 1567 2017 Funus

439 2060 512 2147 ejus
531 2062 708 2125 constituto
729 2071 876 2146 tempore
896 2082 957 2147 pro
977 2059 1139 2145 dignitate
1154 2082 1314 2146 personae
1336 2069 1487 2122 curatum
1504 2070 1565 2123 est.

438 2167 560 2232 Dictae
587 2188 772 2253 panegyres
802 2168 901 2232 binae
925 2190 945 2231 a
969 2169 1088 2231 nostris
1110 2166 1213 2232 latino
1244 2177 1277 2232 et
1299 2167 1457 2249 ungarico
1483 2165 1563 2229 idio·

438 2284 544 2357 mate3
577 2275 691 2360 sicque
722 2274 870 2339 funebris
901 2274 1050 2360 ejusdem
1073 2285 1254 2361 apparatus
1284 2274 1480 2337 terminatus
1503 2282 1565 2336 est.

438 2380 933 2467 mammmmm
