3725 5617
576 649 656 702 t'arrl.
675 665 691 701 a
711 647 851 701 Kollonieh
871 647 904 700 aul
924 649 1024 715 l'ongr.
1045 648 1069 702 S.
1091 648 1216 714 Inquisit
1428 649 1461 701 51

361 792 520 854 sanctiones
545 792 694 873 integrae
719 792 906 854 conservari
932 791 1069 876 possint.
1119 789 1193 869 Qua
1218 813 1275 875 spe
1296 793 1463 853 animatus

363 898 453 960 iterum
470 907 622 961 sanetum
633 896 1002 961 BeatitudinisVestrae
1017 895 1124 960 zelum
1140 896 1279 980 l'atigare
1296 897 1464 962 acEidem

362 1004 474 1089 supplex
508 1005 579 1068 lieri
610 1006 777 1069 constitui.
825 1004 886 1067 Est
915 1026 981 1067 non
1011 1002 1125 1088 procul
1150 1002 1192 1067 ab
1219 1002 1309 1067 Urbe
1333 1004 1463 1068 Menas·

363 1113 453 1174 terium
485 1113 518 1174 in
544 1110 784 1175 Grottaserrata
817 1110 1055 1174 monachorum
1086 1110 1358 1195 italograecorum
1383 1107 1464 1174 Ord.

362 1217 385 1279 S.
404 1217 519 1298 Basilii,
545 1220 601 1305 qui
619 1217 752 1280 Missam
777 1215 891 1299 lingua
914 1239 1035 1301 graeca
1058 1218 1124 1280 ritu
1148 1227 1258 1281 tamen
1284 1226 1317 1278 et
1340 1217 1465 1279 amictu

362 1322 438 1387 latino
460 1347 499 1387 ac
524 1325 558 1387 in
583 1345 701 1407 azymo
726 1323 904 1404 celebrant,
929 1347 989 1409 per
1012 1324 1189 1409 specialem
1205 1333 1317 1387 tamen
1331 1321 1464 1386 Bullam

363 1431 547 1515 privilegium
573 1430 806 1510 obtinuerunt,
840 1440 875 1493 ut
899 1432 1036 1495 Missam
1071 1433 1171 1494 etiam
1198 1432 1261 1493 ritu
1287 1451 1407 1514 graeco
1432 1439 1465 1491 et

364 1539 385 1599 in
419 1537 610 1601 fermentato
649 1536 815 1601 celebrare
858 1540 994 1623 possint.
1053 1537 1150 1617 Quod
1185 1537 1398 1622 privilegium
1436 1537 1465 1599 si

364 1643 512 1707 Beatiturlo
529 1644 646 1707 Vestra
669 1645 712 1707 ad
736 1667 792 1706 eos
816 1647 1041 1709 missionarios
1058 1645 1237 1708 extendere
1262 1643 1464 1729 dignaretur,
1524 1682 1536 1706 .

365 1773 425 1835 quos
453 1750 734 1835 Archiepiscopus
764 1751 1016 1836 Strigoniensis,
1047 1750 1241 1834 Hungariae
1273 1750 1402 1813 Primas
1434 1760 1466 1812 et

368 1858 550 1942 Apostolicac
570 1857 666 1921 Sedis
689 1858 835 1942 Legatue
859 1858 974 1939 Natus,
999 1858 1042 1921 ad
1067 1857 1361 1923 Schismatieorum
1386 1856 1467 1920 Uni·

370 1986 437 2027 onem
461 1968 620 2028 missurus
644 1974 739 2044 esset,
766 1967 933 2048 ingentem
957 1987 1036 2027 sane
1061 1966 1248 2027 animarum
1265 1964 1410 2027 fructum
1435 1971 1468 2025 et

372 2068 482 2135 uncae
497 2074 563 2136 Dei
580 2070 751 2135 Ecclesiae
768 2074 1041 2157 propagationem
1059 2094 1192 2157 sperare
1217 2071 1340 2151 liceret,
1366 2091 1466 2156 quarn

374 2198 446 2261 quum
468 2178 673 2242 Beatitudini
701 2179 837 2241 Vestrae
870 2188 947 2241 ante
981 2179 1093 2243 omnia
1128 2179 1218 2241 cordi
1251 2200 1321 2240 esse
1352 2178 1466 2256 seiam,

377 2286 473 2348 conlido
491 2286 573 2349 Eam
598 2284 804 2371 supplicibus
829 2286 910 2348 meis
934 2283 1089 2370 precibus
1106 2284 1287 2367 benignum
1313 2282 1467 2345 daturam

379 2405 520 2456 rnnutum:
546 2415 645 2478 quem
671 2393 750 2456 dum
775 2392 896 2455 avidus
920 2391 1110 2476 praestolor,
1136 2391 1233 2455 simul
1259 2390 1301 2453 ad
1323 2390 1467 2453 Beatitu-

381 2494 439 2560 linis
459 2500 592 2562 Vestrae
617 2500 717 2584 perles
743 2512 914 2584 paternam
939 2498 1213 2562 Benedictionem
1239 2508 1405 2582 exspecto.
1427 2533 1464 2543 -

383 2600 494 2671 l'iennae
520 2611 570 2672 ll.
595 2605 677 2670 Julii
705 2608 800 2671 1705.

604 2732 827 2795 Beatitudinis
851 2732 1000 2795 Vestrae.

1008 2838 1241 2901 devotissimus
1266 2837 1352 2900 lilius·

415 2950 451 3016 (Β,
472 2955 507 3018 [ἴ.
531 2955 569 3018 Β.
595 2977 625 3039 p.
651 2954 740 3038 illle).
921 2954 961 3017 L.
986 2952 1108 3017 Card.
1134 2977 1153 3015 a.
1179 2951 1423 3016 Kolloniclr.

403 3168 543 3243 libellus
575 3178 742 3261 supplex
769 3183 797 3243 S.
823 3177 1125 3260 congregationi
1163 3172 1445 3259 inquisit-ionis

529 3285 566 3350 iu
593 3284 871 3367 prosecutione
897 3283 1043 3349 Causae
1068 3281 1279 3348 exhibitus.

560 3444 755 3507 Beatissimo
781 3443 897 3506 l'adre.

446 3567 604 3653 leopoldo
630 3567 807 3631 Caudinale
833 3567 866 3631 ‹li
888 3566 1064 3646 Kollouitz‚
1090 3565 1315 3628 Arcivescovo
1341 3562 1374 3625 di
1392 3563 1470 3626 Stri-

323 3717 325 3732 .
385 3673 463 3752 turia,
485 3700 501 3739 e
526 3678 708 3739 l'rotettore
734 3678 760 3736 si
786 3673 838 3738 del
863 3674 966 3758 Sagro
991 3674 1140 3736 Romano
1165 3671 1328 3754 Imperio,
1364 3670 1392 3731 sl
1415 3691 1470 3731 an-

384 3774 422 3838 tlt
444 3782 521 3866 degli
549 3784 625 3845 stati
650 3781 817 3844 ererlitarii
843 3782 875 3843 ‹li
902 3804 979 3843 casa
1005 3780 1035 3842 ‹l'
1054 3779 1200 3858 Austria,
1227 3775 1301 3839 nell’
1328 3776 1470 3838 inl'ervo·

381 3883 428 3947 risi
460 3913 517 3953 con
558 3889 628 3953 zelo
663 3887 826 3973 pastorale
865 3887 928 3951 alla
962 3889 1178 3950 conversione
1219 3884 1260 3947 (le
1291 3884 1470 3945 scismatici

380 4011 468 4058 ancora
497 3998 637 4083 pianger
668 3996 751 4059 (lere
781 3996 823 4058 da
848 3995 912 4058 due
937 3993 1053 4078 grancl'
1080 3990 1423 4076 intoppifrastornato
1450 3987 1471 4050 il

380 4117 418 4160 ruo
437 4104 565 4167 intento.

441 4210 472 4273 L'
495 4234 560 4274 uno
586 4212 611 4274 si
639 4214 656 4272 ὲ
680 4209 700 4273 l'
717 4210 902 4288 aversione,
928 4207 989 4271 clue
1014 4220 1126 4269 contro
1152 4206 1183 4268 ai
1202 4204 1341 4267 Romani
1369 4224 1472 4264 sacer-

377 4308 422 4377 lui
444 4319 473 4381 in
497 4341 530 4382 se
556 4331 633 4381 nata
659 4316 872 4396 dimostrano‚
898 4337 915 4378 o
941 4312 1081 4394 almeno‚
1108 4312 1151 4375 tal
1168 4320 1311 4395 sospetto
1328 4309 1472 4391 glicon-

376 4435 502 4505 entrare,
528 4423 590 4487 che
613 4423 713 4508 toglie
737 4422 769 4486 la
791 4420 995 4501 confidem,
1021 4419 1062 4482 ed
1087 4417 1109 4482 il
1134 4418 1233 4482 frutto
1259 4416 1289 4479 ‹l’
1307 4416 1384 4498 ogni
1403 4437 1472 4499 per-

375 4531 489 4595 meare.
546 4531 586 4595 L'
623 4530 706 4594 altro
749 4530 774 4592 si
820 4526 1143 4604 el'inclinazioue,
1189 4524 1249 4586 clre
1294 4521 1474 4606 grandiosa

375 4633 511 4704 cultivuno
541 4661 638 4702 verso
669 4639 745 4724 quei
771 4635 951 4715 sacerdoti,
982 4632 1043 4697 che
1066 4656 1100 4696 se
1124 4631 1187 4695 ben
1213 4629 1380 4692 forastieri
1405 4628 1474 4690 offi-

1274 4735 1313 4787 4*
