3725 5617
455 632 511 686 860
649 629 679 686 L.
698 631 732 686 V.
770 631 810 685 De
829 630 934 685 Uniona
952 629 1139 684 Ruthenorum
1158 630 1403 685 sturmariorum.

633 772 721 859 Oggi
754 776 796 838 m’
820 775 1010 838 invitarono
1035 796 1055 837 a
1077 794 1201 859 pranuo
1225 771 1248 837 li
1274 770 1344 838 ΡΡ.
1372 771 1540 850 Giesuiti,
1570 771 1589 836 li

458 880 550 967 quali
586 882 671 946 forse
705 880 827 967 porche
864 880 904 946 V.
941 881 980 947 E.
1017 881 1135 945 scrisse
1171 902 1231 967 per
1265 901 1341 963 me,
1382 883 1431 945 mi
1469 880 1589 945 voluero

455 1010 603 1053 onerare.

549 1114 615 1179 An.
642 1113 738 1179 1690.
924 1112 1037 1178 Giov.
1062 1112 1184 1200 Gppo.
1208 1112 1255 1177 do
1280 1111 1491 1188 Camillis,

525 1221 581 1306 (A.
607 1222 658 1285 Pr.
683 1219 745 1300 St.)
1078 1221 1178 1284 Vesc.
1202 1219 1278 1285 Seb.

1004 1470 1039 1523 Β.

780 1578 828 1644 liu
852 1578 961 1645 lotis
986 1575 1260 1663 synodalibus.

458 1735 644 1820 Synodus
668 1738 801 1822 topica
825 1739 863 1801 in
889 1733 1585 1801 ecelesiasnathmar-Nemethiensi

458 1844 587 1905 sancti
604 1842 760 1907 Nicolai
785 1845 885 1907 ritus
908 1844 1040 1928 graeci
1066 1839 1203 1906 habita
1221 1840 1268 1905 ab
1287 1839 1418 1906 Illnno.
1438 1851 1479 1905 et
1494 1839 1583 1904 Rmo.

457 1948 555 2013 Duo.
580 1949 733 2026 Joanne
757 1949 932 2037 Josepho
958 1950 1004 2013 de
1030 1947 1223 2029 Camillis,
1247 1947 1460 2034 Episcopo
1484 1946 1582 2014 Seba-

458 2057 604 2138 stensi,
651 2057 974 2137 Munkacsiensi,
1018 2053 1359 2135 Marmarosiensi,
1411 2053 1582 2120 Mahowi·

459 2164 582 2243 censi,
615 2161 886 2248 Scopusiensi,
911 2163 1214 2242 Komaronensi,
1244 2161 1411 2226 Vicario
1439 2160 1581 2248 Aplico.

459 2267 693 2354 populorum
713 2272 814 2334 ritus
828 2271 962 2355 graeei
985 2270 1024 2333 in
1039 2278 1120 2333 tota
1138 2269 1329 2353 Ungaria,
1356 2267 1469 2334 Sacr.
1487 2267 1580 2332 Caes

459 2373 549 2460 Reg.
574 2375 797 2462 Majestatis
822 2374 1080 2454 Consiliario,
1109 2397 1210 2440 anno
1238 2374 1323 2439 1690
1348 2373 1416 2440 die
1440 2375 1475 2440 3.
1499 2374 1580 2458 liaji

672 2483 888 2549 secundum
914 2495 1027 2547 vetus
1050 2481 1376 2570 (Kalendarium).

519 2642 559 2707 In
583 2642 726 2707 Nomine
750 2642 808 2709 SS.
832 2644 1006 2708 Trinitatis
1031 2643 1137 2707 Patris
1160 2654 1193 2705 st
1216 2641 1294 2707 Filii
1318 2653 1353 2706 et
1376 2641 1523 2728 Spiritus

879 2752 996 2815 sancti.
1045 2750 1163 2814 Amen.

548 2892 774 2958 Recordentur
796 2891 992 2973 sacerdotes,
1018 2892 1105 2978 quod
1130 2914 1194 2956 non
1217 2900 1346 2954 tantum
1363 2892 1503 2977 seipsos,
1526 2886 1576 2952 sed

456 3011 490 3063 et
513 2997 596 3063 alios
619 3000 802 3064 secundum
826 3022 923 3086 posse
942 2999 1075 3064 salvare
1095 3009 1257 3080 tenentur,
1281 2997 1437 3084 adeoque
1455 2998 1577 3084 justitia

457 3128 571 3171 eorum
595 3105 866 3191 superabundare
884 3104 992 3188 debet,
1018 3117 1054 3170 ut
1068 3105 1253 3171 saeculares
1269 3104 1425 3169 videntes
1440 3107 1576 3191 ipsorum

457 3234 557 3298 opera
582 3212 669 3277 bona
691 3213 877 3298 glorificent
896 3214 1017 3279 Deum.
1064 3211 1266 3277 Abstineant
1288 3233 1366 3295 ergo
1391 3235 1429 3276 sa
1454 3212 1497 3277 ab
1519 3231 1576 3276 our·

457 3319 556 3384 nibus
580 3319 645 3385 illis
669 3320 777 3402 rebus,
803 3343 887 3407 quae
911 3320 1105 3385 scandalum
1130 3322 1273 3405 pariunt.
1312 3318 1422 3384 Solita
1438 3319 1577 3385 ecelesiis

454 3427 600 3514 jejunia,
626 3427 742 3492 divina
766 3428 894 3509 officia,
920 3450 1064 3493 canones
1088 3437 1120 3491 et
1144 3427 1264 3491 Missae
1288 3428 1495 3492 sacrificium
1518 3446 1576 3491 non

456 3536 737 3619 praetermittant,
766 3545 974 3599 sacramenta
1005 3544 1157 3621 prompte
1188 3536 1304 3598 etrite
1335 3533 1576 3599 administrent.

457 3640 591 3727 quando
624 3663 706 3726 opus
739 3644 809 3707 erit.
857 3642 901 3705 Et
934 3651 1111 3728 antequam
1143 3641 1186 3705 ad
1216 3643 1432 3705 incruentum
1466 3638 1578 3705 sacriti-

456 3749 544 3812 oium
569 3748 740 3826 accedant,
764 3759 908 3834 purgant
930 3751 1137 3834 propriarum
1163 3749 1350 3811 animarum
1372 3748 1534 3826 maculas,
1556 3747 1580 3808 si

456 3877 542 3941 quae
566 3866 678 3936 eruut,
716 3877 774 3940 per
797 3856 1055 3936 confessionem,
1088 3877 1129 3919 ne
1155 3854 1322 3939 judicium
1356 3853 1423 3918 sibi
1450 3853 1580 3918 mandu-

455 3971 542 4025 cent.
596 3962 740 4025 Visitent
775 3961 941 4045 infirmos,
977 3964 1131 4047 ipsosque
1167 3963 1250 4024 serio
1285 3958 1512 4024 adhortentur
1542 3958 1581 4024 ad

456 4068 697 4133 confessionem
722 4080 754 4132 et
778 4071 1063 4148 communionem,
1099 4091 1139 4132 ne
1163 4070 1233 4131 sine
1258 4068 1382 4130 viatico
1410 4067 1582 4133 decedant.

546 4194 687 4276 Bigami,
712 4196 767 4279 qui
786 4195 857 4257 sine
875 4194 1122 4278 dispensatione
1142 4193 1282 4277 promoti
1297 4201 1377 4254 sunt
1392 4192 1442 4257 ad
1456 4192 1583 4258 ordines

454 4320 582 4380 sacros,
616 4299 896 4385 dispensationem
926 4311 1038 4385 peterc
1063 4297 1195 4364 debent.
1244 4297 1310 4377 Qui
1343 4311 1422 4384 post
1456 4299 1584 4366 ordines

454 4426 565 4470 sacros
586 4407 833 4470 matrimonium
859 4418 1105 4488 contraxerunt,
1130 4404 1387 4492 suspendantur,
1414 4429 1583 4494 quousquo

455 4535 575 4576 uxores
606 4534 670 4577 non
703 4512 872 4578 dimittant
902 4526 935 4577 ct
957 4513 1198 4578 absolutionem
1231 4511 1372 4577 anobis
1406 4525 1528 4599 petant
1556 4525 1584 4576 et

418 4606 421 4613 ¹
454 4619 637 4683 obtineant.
692 4618 742 4683 Illi
779 4642 857 4684 vero
894 4622 989 4706 pagi,
1036 4622 1069 4684 in
1106 4617 1228 4707 quibus
1267 4617 1351 4684 tales
1395 4623 1584 4690 sacerdotes
