3725 5617
461 653 515 706 906
654 653 683 709 t.
702 653 735 706 V.
773 652 813 707 De
832 652 938 708 Unione
957 652 1143 706 Ruthenorum
1163 661 1192 708 et
1211 652 1411 709 Armenorum.

463 795 593 859 culcata
617 795 708 882 leg03
741 795 826 859 alias
850 794 1064 860 difficultates
1087 818 1176 878 suae,
1208 798 1235 860 si
1260 819 1352 883 quae
1379 807 1473 878 sunt,
1503 795 1543 860 ad
1563 793 1592 859 li·

462 900 557 966 bram
582 902 831 988 expendentur,
867 925 932 967 nou
963 913 999 967 ut
1023 902 1208 988 impediant
1231 925 1436 968 successum
1469 903 1592 988 negotii.
1633 965 1635 984 ,

463 1008 520 1074 sed
554 1019 590 1072 ut
621 1008 843 1094 explanentur
873 1019 906 1072 et
936 1009 1116 1075 solvantur.
1169 1011 1315 1095 Insuper
1346 1009 1593 1076 commendavit
1633 1061 1635 1130 p

463 1115 546 1179 mihi
569 1114 695 1179 Illmus.
721 1116 924 1181 Secretarius
941 1116 1197 1203 supplicandum
1213 1139 1286 1181 esse
1302 1117 1499 1184 Excellmo.
1515 1120 1592 1182 Dno.

464 1221 586 1288 Comiti
616 1223 657 1287 de
681 1221 894 1304 Schdnborn‚
926 1232 963 1287 ut
992 1246 1052 1287 sua
1076 1226 1281 1309 protectione
1317 1237 1352 1288 et
1388 1224 1591 1303 authoritate,

464 1352 530 1416 qua
554 1329 663 1415 pollet,
697 1332 897 1394 erectionem
921 1329 1022 1416 hujus
1046 1341 1195 1416 eppatus.
1221 1339 1453 1397 manutenere
1477 1343 1510 1396 et
1531 1352 1590 1417 pro

464 1458 598 1500 movere
623 1436 780 1520 dignetur
802 1438 836 1500 in
861 1435 959 1517 Aula,
989 1439 1067 1523 quia
1091 1436 1124 1501 S.
1149 1436 1252 1501 Sedes
1284 1459 1330 1501 ex
1355 1460 1396 1503 se
1422 1451 1474 1503 est
1498 1440 1590 1524 dispo

465 1545 623 1608 sitissima
647 1543 688 1607 ad
715 1543 952 1628 praestandum
977 1566 1172 1608 consensum
1177 1593 1358 1609 ......

554 1668 688 1748 Romae,
714 1667 745 1731 d.
770 1668 801 1733 9.
827 1669 970 1751 Augusti
994 1691 1047 1734 an.
1074 1668 1169 1732 1766.

1014 1905 1041 1959 θ.

532 2014 646 2081 Bulla
671 2013 890 2082 erectionis
915 2014 1174 2099 episcopatus
1198 2014 1536 2084 llunkiicsiensis.

537 2172 604 2226 Jure
622 2172 802 2226 Lateranensi
828 2189 875 2241 per
894 2174 1031 2227 Summum
1051 2173 1209 2227 Pontificem
1235 2172 1363 2240 legitime
1384 2174 1523 2243 abrogato
1545 2190 1593 2227 cae

466 2261 586 2328 terisque
605 2262 814 2314 difficultatibus
833 2262 951 2316 feliciter
970 2262 1113 2330 superatis,
1133 2261 1284 2315 Clemens
1305 2262 1364 2316 PP.
1388 2264 1475 2317 XIV.
1495 2264 1593 2317 tandem

467 2351 650 2419 episcopatum
674 2349 906 2405 uunkeesiensem
939 2352 1065 2406 canonice
1099 2352 1187 2405 erexit
1211 2351 1423 2407 Constitutione
1450 2354 1595 2423 Apostolict

467 2440 583 2493 Eriniiu
603 2441 736 2510 repeliunt
757 2442 931 2509 principum,
953 2441 1027 2494 edita
1046 2441 1089 2493 die
1112 2442 1151 2494 19.
1171 2441 1244 2508 Sept.
1264 2456 1309 2493 au.
1331 2443 1421 2506 1771,
1441 2460 1513 2511 quae
1531 2442 1595 2497 exhi·

467 2528 546 2583 betur
565 2530 593 2583 iu
612 2529 737 2583 Bullar.
757 2530 886 2586 Roman.
907 2531 1101 2594 continuet,
1122 2537 1140 2583 t.
1160 2532 1193 2594 4.,
1213 2547 1255 2599 pp.
1276 2531 1435 2585 373-376.

538 2688 588 2741 Sed
607 2688 673 2743 haec
691 2689 835 2756 hacteuus;
864 2696 985 2755 caetera,
1014 2707 1083 2757 quse
1103 2691 1135 2743 ad
1155 2691 1318 2744 erectionem
1348 2691 1427 2745 illius
1446 2693 1524 2746 Sedis
1542 2708 1594 2760 spe

465 2782 550 2842 etant,
564 2778 643 2832 facile
656 2779 713 2833 erui
726 2784 840 2845 possunt
853 2795 885 2832 er
899 2778 967 2846 ipsis
981 2779 1101 2832 tontibus
1112 2780 1235 2846 superius
1248 2779 1381 2834 indicatis
1392 2798 1436 2849 pp.
1449 2783 1592 2836 stt-ssa

981 3098 1012 3187 §-
1037 3100 1068 3166 n.

564 3225 601 3287 na
620 3225 808 3287 ulterioribus
827 3225 982 3287 soetuuu
1000 3226 1066 3287 lesu
1086 3225 1233 3287 intortius
1253 3226 1330 3288 luter
1350 3227 1504 3290 flumem

925 3323 957 3384 tn
977 3323 1130 3395 surina.

1016 3484 1040 3547 Ι.

732 3603 784 3669 De
810 3602 1021 3668 laboribus
1047 3602 1327 3669 scholasticis.

537 3758 612 3823 Quod
638 3758 667 3810 Ρ.
695 3758 809 3818 Ramsn.
835 3760 962 3826 Superior
987 3760 1080 3813 domus
1107 3759 1251 3813 Societatis
1276 3759 1343 3812 lesu
1372 3760 1591 3829 Nam-Bausta.

465 3846 618 3915 generatim
638 3847 747 3914 scripsit
772 3850 803 3901 tle
824 3850 986 3902 necessitate
1012 3850 1118 3903 unitam
1133 3849 1307 3914 juventutem
1336 3847 1367 3901 iu
1394 3849 1497 3904 scholis
1515 3851 1591 3904 Sceie

466 3935 534 3988 tetis
553 3935 587 3987 ad
606 3935 700 3989 literas
721 3943 802 4002 atque
821 3938 855 3990 ad
874 3938 956 3991 bonos
976 3954 1061 3991 mores
1081 3937 1278 4002 informandi),
1299 3938 1325 3990 id
1339 3953 1392 4004 pro
1405 3939 1527 3993 maxima
1544 3939 1591 3993 illa

465 4039 519 4090 qua
538 4024 610 4090 apud
627 4024 768 4079 Ruthenos
787 4027 907 4092 pollebat
925 4027 1123 4088 auctoritate't,
1146 4026 1288 4093 speciatim
1307 4026 1449 4081 intereos
1469 4043 1591 4095 exequere

465 4113 529 4165 dum
548 4113 669 4165 curavit:
690 4116 925 4181 patrocinantibus
945 4117 1068 4181 inprimis
1079 4116 1232 4169 celsissima
1246 4115 1412 4183 principissa
1430 4117 1533 4185 Sophia
1549 4117 1590 4169 Bt

468 4200 541 4254 thori
562 4202 673 4268 ejusque
692 4212 789 4269 nepote
802 4205 1091 4272 Fruuciscthiktczy,
1111 4206 1197 4271 quoad
1216 4204 1319 4257 scilicet
1344 4208 1506 4274 praeceptis
1523 4206 1591 4259 aviae

465 4306 531 4344 suae
550 4307 647 4358 parens
668 4292 789 4359 legitimo
810 4294 867 4360 regi
889 4294 973 4347 tidelis
993 4293 1096 4347 extitit
1133 4294 1174 4346 Eu
1195 4309 1280 4360 pauca
1299 4293 1331 4346 tle
1351 4295 1461 4349 multis.
1482 4312 1549 4363 qnae
1564 4309 1591 4345 es

464 4378 545 4432 dere
565 4393 598 4431 ex
617 4379 738 4434 fontibus
757 4382 934 4437 enotavirnus.

496 4577 515 4641 Ι)
535 4581 589 4629 cn.
609 4580 717 4628 schema
736 4581 854 4643 superius
874 4581 1030 4640 exhibitum,
1051 4597 1096 4645 pp.
1116 4580 1266 4643 783-784.

495 4656 516 4724 ²)
537 4660 591 4709 Csr.
613 4659 843 4718 Duliskcvics‚
863 4677 908 4725 op.
928 4662 972 4713 cit.
993 4664 1052 4720 111„
1072 4679 1097 4726 p.
1123 4674 1161 4723 17.
