3725 5617
367 625 425 681 844
561 626 592 683 L.
612 627 645 684 V.
682 626 723 680 De
741 624 847 681 Unione
865 624 1052 678 Ruthenorum
1071 630 1100 678 et
1118 625 1314 680 Armenoruu

370 792 489 835 menus
517 770 716 835 Itanioensis
751 777 784 832 et
819 766 1176 850 Orasnobrodensis¹],
1217 767 1309 832 Rmi.
1348 767 1503 853 Episcopi

370 877 460 941 Petri
485 876 655 941 Parthenii
680 876 833 954 nomine,
866 885 898 938 et
925 873 1163 938 Ihumenorum
1197 883 1232 937 et
1261 873 1505 939 monachorum

369 1006 397 1049 s.
430 982 547 1048 Basilii
585 984 690 1069 ipsius
720 983 814 1067 regni
845 981 1015 1065 Ungariae
1055 993 1088 1045 et
1120 1002 1179 1066 pro
1215 983 1347 1046 unione
1382 983 1506 1047 instans

369 1111 465 1154 meae
488 1089 640 1173 religioni
666 1099 698 1153 et
721 1087 942 1153 obedientiae.
979 1087 1109 1171 Atego,
1135 1090 1190 1174 qui
1216 1110 1243 1153 s.
1267 1090 1381 1174 patris
1406 1089 1504 1154 nostri

367 1195 485 1261 Basilii
510 1199 545 1262 in
568 1196 737 1282 religionis
761 1191 941 1279 regimina,
972 1193 1051 1258 licet
1075 1194 1251 1279 indignus,
1288 1196 1387 1259 vices
1419 1216 1504 1281 gero,

370 1305 598 1389 maximopere
612 1304 886 1389 propagationem
911 1300 1117 1387 praedictam
1141 1301 1349 1387 exoptando,
1376 1313 1413 1366 et
1437 1324 1504 1366 meo

369 1412 500 1474 muneri
536 1408 771 1474 satisfaciendo
807 1419 967 1493 tanquam
1002 1408 1110 1472 bonus
1145 1418 1258 1494 pastor
1294 1430 1381 1474 oves
1419 1431 1504 1474 meas

367 1518 503 1601 agnovi,
528 1517 666 1602 ejusque
690 1516 842 1600 petitioni
866 1515 1011 1600 benigne
1036 1516 1157 1595 annui,
1183 1524 1217 1578 et
1240 1519 1454 1581 monasteria
1475 1531 1504 1580 ct

369 1622 550 1687 monachos
574 1621 769 1707 'praedictos
801 1622 879 1685 huie
909 1620 1062 1706 religioni
1095 1633 1127 1684 et
1162 1642 1255 1685 meae
1289 1622 1503 1688 obedientiae

367 1728 551 1814 apostolica
575 1729 776 1794 authoritate
801 1730 895 1793 univi
924 1740 957 1793 et
981 1730 1191 1815 incorporavi
1221 1730 1256 1793 in
1283 1730 1354 1795 Dei
1381 1732 1501 1795 miseri-

367 1835 483 1900 cordia
507 1837 665 1918 conlisus,
690 1835 789 1900 etad
813 1836 877 1900 hoc
901 1846 938 1900 ut
962 1834 1097 1900 stabiles
1128 1837 1163 1899 in
1187 1835 1281 1900 dicta
1306 1839 1437 1903 unione
1461 1840 1502 1901 vi·

367 1953 452 2006 vent
475 1943 617 2029 supplex
640 1965 699 2029 pro
719 1954 897 2027 augmento
922 1942 1091 2028 religionis
1108 1943 1392 2009 Dominationem
1417 1955 1502 2010 tuam

367 2048 512 2115 Illmam.
537 2073 632 2136 rogo,
662 2061 699 2114 ut
722 2050 875 2135 religioso
899 2050 997 2132 huic,
1029 2051 1129 2113 immo
1160 2051 1219 2113 toti
1250 2048 1417 2135 religioni
1441 2073 1501 2117 non

367 2156 561 2241 dedigneris
585 2158 700 2222 adesse
732 2158 847 2222 favore
875 2167 975 2243 atque
999 2158 1199 2243 patrocinio,
1232 2158 1321 2221 tanti
1348 2158 1502 2224 beneficii

367 2286 541 2350 nunquam
566 2267 775 2330 immemores
798 2264 943 2350 religiosi
977 2266 1040 2329 mei
1066 2262 1191 2328 Illmae.
1226 2273 1307 2327 tuae
1339 2287 1501 2351 personae

367 2373 500 2458 tuisque
525 2382 719 2458 perpetuam
745 2371 1008 2436 incolumitatem
1039 2372 1107 2435 suis
1138 2369 1181 2434 ad
1205 2370 1320 2435 Deum
1347 2374 1502 2438 orationi·

367 2476 431 2542 bus
455 2478 690 2563 precabuntur,
716 2489 749 2543 et
772 2502 815 2543 ex
839 2502 928 2543 nunc
952 2481 1188 2564 inlpatronum
1220 2487 1252 2540 et
1278 2489 1501 2563 protectorem

365 2585 578 2667 agnoscendo
604 2588 697 2650 mitto
722 2584 783 2649 tibi
807 2586 919 2650 literas
942 2585 1215 2672 participationis,
1242 2594 1281 2647 ut
1304 2587 1499 2652 meritorum

367 2693 472 2756 nostri
497 2691 635 2758 Ordinis
660 2692 825 2773 ubertate,
856 2715 895 2756 ac
919 2692 1115 2757 Sanctorum
1148 2691 1320 2774 suffragiis
1356 2695 1502 2757 munitus

366 2797 538 2863 felicitatis
563 2800 680 2885 plenae
705 2800 875 2884 fastigium
899 2801 1030 2885 assequi
1055 2798 1177 2861 valeas.

375 2995 378 3000 .
458 2924 583 2987 llatum
619 2926 653 2988 in
676 2937 787 2989 nostro
812 2947 903 2988 sacro
929 2925 1128 2988 monasterio
1154 2945 1178 2985 a.
1204 2921 1336 2986 lllariae
1364 2923 1499 3009 Griptac

366 3030 509 3094 ferratae
535 3031 589 3095 die
616 3034 643 3095 1.
669 3032 780 3095 Martii
809 3032 903 3095 1664.

520 3157 768 3219 Dominationis
793 3155 918 3219 lllmae.
944 3165 976 3218 et
1003 3155 1112 3217 limae.

708 3279 914 3343 humillimus
939 3301 1054 3343 servus
1078 3288 1109 3340 et
1133 3276 1460 3361 obsequentissimus

971 3392 1233 3478 Theophilus,

797 3510 913 3574 Abbas
937 3509 1101 3595 generalis
1125 3511 1225 3573 totius
1250 3507 1397 3575 Ordinis

364 3615 416 3696 (B.
444 3616 483 3681 U.
511 3617 548 3681 B.
573 3618 707 3682 LXIX.
732 3641 763 3703 p.
790 3618 877 3697 267.)
996 3641 1020 3681 s.
1046 3616 1170 3680 Basilii.

903 3858 961 3921 Vl.

427 3975 590 4043 Relatio
615 3991 666 4043 ex
691 3977 923 4043 annalibus
949 3988 1050 4042 meo.
1076 4011 1118 4019 —
1144 3972 1198 4040 ad
1223 3987 1294 4039 an.
1323 3973 1436 4042 1658.

459 4140 552 4204 Haec
579 4144 665 4205 inter
688 4142 807 4205 laetam
833 4141 926 4206 dedit
950 4150 1092 4225 segetem
1110 4139 1357 4220 Ruthenorum‚
1380 4138 1499 4226 quibus

365 4245 407 4309 de
432 4248 657 4332 superioribus
681 4251 777 4312 aunis
795 4257 1089 4312 commemoratum
1114 4257 1172 4327 est,
1199 4256 1231 4308 et
1254 4244 1322 4309 hoc
1348 4267 1440 4311 anno
1458 4243 1498 4308 ad

366 4352 552 4416 Romanam
578 4354 761 4419 Ecclesiam
787 4358 952 4435 accessio,
987 4377 1087 4439 opera
1111 4353 1264 4438 inprimis
1289 4372 1408 4417 eorum
1436 4353 1498 4417 An·

398 4570 419 4635 ¹)
439 4573 480 4619 De
495 4572 653 4619 monasterio
668 4572 913 4628 Krasnobrodensi,
934 4572 1005 4635 quod
1024 4587 1092 4620 nuuc
1106 4571 1250 4619 obnoxium
1264 4574 1305 4615 est
1316 4567 1498 4631 jurisdictioni

438 4643 565 4706 Episcopi
577 4643 768 4704 Eperjesiensis
784 4659 802 4690 r.
818 4659 865 4705 gr..
880 4644 927 4691 clr.
946 4642 1142 4699 Basilovics,
1156 4658 1198 4705 op.
1210 4642 1266 4699 cit..
1280 4647 1359 4702 parte
1375 4652 1410 4697 2..
1422 4655 1447 4692 c.
1458 4647 1497 4700 25.
