3725 5617
365 618 419 672 352
680 616 710 672 L.
729 617 766 672 II.
806 618 844 671 lte
863 619 969 674 Unione
989 619 1177 673 Romanorum.

457 760 511 824 Ad
535 760 618 824 haec
650 770 687 822 ut
710 762 799 844 typis
824 759 1027 824 Albensibus
1058 760 1132 824 libri
1158 761 1333 826 orthodoxi
1358 763 1501 828 recude-

366 878 480 932 rentur
510 889 609 952 quani
641 866 784 951 plurimi.
839 867 882 930 Et
913 869 1070 931 continuo
1110 868 1207 932 datus
1240 880 1304 951 est,
1341 870 1398 954 qui
1431 869 1495 933 sub

367 974 477 1062 praelo
502 975 645 1051 sudaret,
670 973 891 1038 catechismus
911 974 1103 1057 catholicus,
1129 997 1230 1061 quum
1249 976 1373 1059 primas
1396 975 1498 1040 solas-

367 1105 431 1169 que
456 1104 562 1168 nuper
586 1083 620 1145 in
644 1080 878 1145 l'ransilvauia
904 1080 1123 1146 Calvinianus
1148 1084 1314 1163 teneret¹).

456 1207 508 1270 De
533 1206 671 1270 decimis
696 1228 826 1292 quoque
850 1207 975 1290 agitata
1000 1217 1049 1270 est
1069 1209 1227 1292 quaestio,
1252 1207 1374 1292 quibus
1390 1230 1498 1293 popas

367 1325 399 1379 et
422 1313 546 1378 clerum
580 1336 686 1398 nuper
710 1312 832 1376 Caesar
861 1325 1044 1392 exemerat,
1080 1313 1385 1378 contradicentibus
1410 1337 1496 1378 mor-

367 1422 461 1485 dicus
485 1430 517 1484 et
541 1418 767 1484 obnitentibus
791 1419 855 1502 legi
880 1422 1101 1505 aequissimae
1126 1421 1300 1485 haereticis
1324 1423 1496 1486 Dominis.

366 1530 512 1592 Demum
546 1537 578 1590 et
602 1549 725 1611 poenas
750 1525 914 1590 dederunt
943 1549 1001 1590 suo
1025 1527 1131 1609 gradu
1163 1527 1282 1613 dejecti
1313 1539 1345 1591 et
1370 1531 1494 1592 manci·

366 1636 435 1720 pati
467 1634 654 1698 carceribus
686 1655 846 1718 poparum
870 1633 1036 1714 nonnulli,
1070 1636 1125 1719 qui
1152 1632 1413 1698 Calvinistarum
1440 1657 1495 1698 ex-

368 1740 475 1825 emplo
501 1739 681 1803 divortium
707 1741 740 1803 in
765 1740 919 1824 conjugio
945 1740 1100 1805 fecerant.

455 1865 611 1949 Dumque
636 1866 683 1928 sic
707 1864 813 1927 fervet
837 1874 869 1927 et
892 1863 978 1927 zelat
1002 1876 1195 1940 conventus,
1221 1864 1295 1929 illae
1311 1866 1493 1930 Theodosii

366 1971 485 2036 allatae
509 1981 586 2035 sunt
608 1969 721 2034 literae
746 1981 778 2034 ct
802 1970 910 2034 dirum
938 1970 1090 2035 Callinici
1115 1971 1248 2038 fulmen.
1296 1972 1402 2036 Mirus
1427 1995 1495 2037 om-

366 2078 464 2143 nibus
496 2080 587 2141 visus
618 2087 684 2140 tam
718 2079 860 2162 impetus
890 2080 1060 2163 utriusque
1094 2100 1194 2164 quam
1225 2080 1338 2144 fastus.
1386 2079 1495 2144 Multa

367 2187 452 2265 risu,
484 2184 647 2270 quaedam
674 2184 902 2268 indignatione
934 2195 1074 2270 excepta
1103 2197 1188 2249 sunt.
1235 2185 1322 2250 Illud
1354 2189 1496 2251 minime

366 2291 539 2355 ferendum
564 2290 736 2376 putabant,
762 2291 849 2377 quod
875 2291 1101 2377 metropolitae
1126 2292 1369 2357 'lransilvanici
1396 2294 1494 2358 titulo

367 2397 572 2462 Theodosius
596 2399 630 2461 in
654 2397 757 2461 literis
781 2400 928 2483 utrisque
952 2399 1121 2480 gauderet.
1170 2400 1214 2462 Et
1234 2400 1433 2464 seditionem
1460 2403 1493 2465 in

366 2504 462 2590 plebe
493 2506 655 2590 respicere
695 2504 871 2568 videbatur
907 2505 1113 2590 patriarcha,
1151 2505 1230 2570 dum
1268 2506 1380 2570 literas
1417 2530 1497 2572 suas

367 2611 544 2696 synodicas
568 2633 633 2675 non
658 2612 795 2675 antistiti
822 2613 895 2697 ipsi,
921 2612 978 2675 sed
1003 2612 1124 2698 populo
1142 2615 1296 2677 universo
1314 2615 1496 2700 inscriptas

368 2721 510 2783 misisset
532 2740 731 2804 gregemque
763 2717 805 2782 ab
830 2717 1020 2783 obedientia
1044 2721 1204 2805 praesulis
1235 2722 1395 2784 eximium
1421 2743 1494 2785 esse

367 2848 406 2888 ca
431 2824 607 2888 verborum
639 2847 759 2910 pompa
787 2826 949 2911 jussisset.
997 2825 1170 2912 Quidquid
1205 2827 1238 2891 id
1263 2838 1333 2891 erat
1357 2829 1495 2913 scripto·

366 2954 439 2995 rum
465 2953 542 2995 mox
567 2931 770 2996 Athanasius
794 2932 884 2995 Patri
908 2932 1095 2996 Neurautcr
1118 2943 1300 3019 opportune
1325 2936 1494 3019 praesenti

367 3040 399 3102 in
433 3060 550 3103 manus
580 3038 762 3102 extradidit
792 3039 1025 3123 perferendum
1057 3039 1100 3103 ad
1124 3040 1300 3104 Excmum.
1326 3039 1492 3104 Comitem

367 3168 481 3224 suum,
513 3155 582 3208 tum
608 3145 648 3209 ad
675 3145 808 3209 Emum.
834 3145 1045 3210 Cardinalem
1078 3146 1297 3211 aKollonich
1322 3147 1491 3211 Viennam

367 3252 577 3316 mittendum.
626 3251 724 3331 Quod
749 3253 875 3336 synodo
907 3252 950 3316 ad
975 3276 1050 3317 suos
1075 3252 1217 3318 demissa
1250 3276 1326 3318 mox
1357 3255 1491 3318 effectui

368 3359 480 3423 (latum
506 3371 564 3424 est.

912 3610 940 3662 (J.

414 3707 567 3773 liturae
592 3705 815 3773 Cardinalis
840 3726 859 3773 a
886 3707 1088 3774 liollonich
1118 3707 1163 3773 ad
1189 3706 1444 3774 Theodosium

752 3814 1110 3880 lluclmrostcnsom.

440 3972 567 4040 Princeps
595 3972 685 4025 Emus.
715 3971 767 4025 etsi
795 3981 892 4025 cuncta
920 3980 1075 4038 contemptu
1109 3988 1140 4025 ac
1167 3971 1264 4025 risibus
1292 3973 1383 4039 potius
1411 3989 1494 4039 quam

369 4060 459 4114 verbis
483 4060 569 4129 digna
588 4061 706 4123 videret,
735 4076 769 4114 ne
789 4068 879 4114 taruco
899 4061 1046 4128 improvide
1069 4077 1146 4114 suam
1164 4060 1352 4129 metropolitae
1371 4061 1494 4116 Transit·

369 4149 457 4202 saniei
483 4149 713 4217 compellationem
739 4165 770 4203 ae
789 4149 954 4216 dignitatem
979 4151 1006 4203 in
1026 4166 1120 4203 luanus
1139 4150 1222 4204 alieni
1247 4150 1414 4212 dimitteret,
1443 4151 1495 4205 bas

369 4238 464 4305 quinto
482 4238 550 4292 Julii
570 4238 612 4291 die
631 4239 665 4292 ad
683 4238 860 4292 Theodosium
879 4239 968 4293 dedit:

377 4396 478 4402 —.-
489 4395 580 4402 ..η-

403 4488 423 4555 ¹)
443 4492 528 4555 Supra
546 4506 590 4554 pp.
612 4491 660 4549 283
681 4499 707 4537 et
722 4491 780 4551 296.
808 4492 848 4538 De
867 4490 1009 4540 orthodoxi
1028 4490 1105 4552 hujus
1124 4491 1276 4540 catechismi
1296 4499 1404 4539 auctore
1423 4491 1497 4540 dixi·

441 4577 498 4610 mus
518 4562 595 4611 etiarn
616 4561 642 4609 in
663 4563 707 4612 cit.
727 4563 886 4627 Zer'tschrrst,
910 4564 985 4620 1880,
1004 4578 1029 4626 p.
1049 4563 1110 4621 383.
