3725 5617
442 600 495 653 504
614 597 645 653 L.
664 599 716 653 Ill.
754 600 792 654 De
811 598 924 653 historia
943 601 1070 655 ecelesiae
1089 601 1268 656 Rumenorum
1289 602 1389 657 unitae.

442 756 565 811 egresso,
591 756 733 809 rerumque
757 742 938 810 gerendarum
963 743 1088 811 imperito
1113 751 1142 798 et
1160 744 1271 813 ignaro,
1300 744 1473 811 quantumvis
1498 745 1564 801 licet

442 846 502 885 eum
521 829 684 898 professores
702 846 734 884 ac
751 831 899 898 praepositi
917 831 960 885 sui
979 848 995 885 a
1014 832 1128 887 scientia
1147 841 1175 887 et·
1191 833 1306 888 moribus
1326 834 1563 891 commendassent.

442 918 517 974 Haec
535 935 638 973 summa
657 918 858 974 difficultatum.

993 1172 1018 1224 2.

478 1275 522 1330 De
541 1273 712 1329 Cardinali
732 1274 935 1344 Cieufuegos
958 1276 1122 1330 nominati
1142 1277 1319 1333 antistitis
1334 1284 1475 1347 patrono
1496 1280 1529 1334 in

723 1364 931 1419 Consistorio
950 1366 1067 1419 Summi
1088 1367 1279 1422 Pontificio.

513 1498 555 1551 Ab
574 1498 675 1551 exteris
694 1498 870 1565 scriptoribus
890 1505 998 1567 praeter
1017 1514 1117 1553 morem
1135 1514 1260 1568 expresse
1279 1506 1416 1556 enotatum
1435 1518 1469 1556 ex
1486 1503 1567 1558 Actis

442 1587 673 1641 consistorialibus
692 1593 747 1652 est,
766 1595 867 1655 agente
886 1587 1025 1642 Cardiuali
1044 1588 1208 1657 Oienfnegos
1227 1589 1326 1643 factum
1345 1605 1417 1655 esse,
1436 1596 1469 1644 ut
1486 1608 1567 1660 prae-

442 1677 577 1731 conizatio
606 1677 730 1745 Episcopi
757 1677 961 1745 Fugerasiensis
989 1678 1103 1732 Joannis
1128 1679 1281 1732 Innocentii
1301 1677 1385 1732 Klein
1412 1695 1429 1732 a
1456 1679 1568 1735 Summo

441 1765 573 1820 Pontifice
592 1765 797 1834 obtineretur¹):
817 1771 945 1832 tanquam
964 1767 988 1820 si
1006 1767 1119 1821 lectores
1136 1768 1281 1821 voluissem:
1300 1773 1421 1821 attentos
1441 1768 1564 1832 reddere,

443 1856 593 1924 praesulem
618 1855 693 1909 illum
715 1854 939 1920 Transilvanum,
968 1872 1020 1922 quo
1052 1861 1112 1910 tota
1137 1857 1212 1910 natio
1238 1858 1355 1910 erena
1377 1856 1439 1925 jure
1464 1859 1566 1913 merito

443 1944 583 2012 superbire
600 1947 704 2011 potest,
730 1960 829 2013 magno
849 1945 986 1998 Cardinali
1005 1944 1126 2012 Hispano
1145 1952 1280 2013 acceptum
1299 1943 1403 1998 referri.
1441 1945 1498 1999 Nee
1517 1964 1568 2000 nos

443 2033 592 2101 praeterire
611 2032 720 2086 silentio
739 2049 878 2101 possumus
896 2040 1074 2101 purpuratum
1093 2034 1249 2102 principem,
1264 2035 1309 2100 qui
1329 2034 1455 2089 ecelesiae
1468 2036 1568 2090 unitae

444 2122 510 2176 adeo
538 2121 704 2190 praeclaram
730 2139 827 2177 mutnus
854 2123 959 2177 attulit.
997 2122 1129 2189 Quoniam
1159 2131 1245 2178 tamer
1272 2126 1386 2193 egregia
1411 2125 1568 2179 Cardiualis

442 2212 512 2265 Acta
531 2216 560 2265 et
578 2211 685 2279 Scripta
703 2217 768 2265 nota
786 2212 840 2281 jam
858 2219 924 2265 sunt
943 2228 976 2265 ex
995 2212 1081 2266 obviis
1100 2213 1289 2276 auctoribnsll,
1309 2229 1399 2267 eoram
1419 2215 1475 2268 loco
1494 2215 1565 2269 satis¹

445 2301 585 2365 babemus,
614 2316 647 2355 ex
667 2300 754 2355 literis
773 2302 871 2354 annuis
896 2317 973 2355 mser.
994 2301 1107 2370 Collegii
1126 2301 1284 2355 Viennensis
1302 2302 1327 2355 S.
1347 2304 1365 2357 J
1393 2304 1565 2370 pontificium

443 2390 511 2445 illud
529 2391 624 2453 Breve,
644 2391 760 2443 nondum
779 2391 893 2453 editum,
914 2389 1102 2456 adscripsisse,
1123 2407 1174 2457 quo
1194 2390 1307 2444 oblatam
1327 2393 1378 2445 sibi
1397 2393 1567 2460 dignitatem

441 2478 554 2547 jubetur
572 2485 720 2547 acceptare.
757 2479 839 2533 Teste
858 2479 948 2533 codice
967 2495 1029 2533 msc.
1049 2480 1079 2532 B.
1094 2480 1123 2532 P.
1137 2481 1169 2533 V.
1186 2481 1267 2534 19173
1286 2489 1328 2533 est
1347 2481 1427 2548 hujus
1447 2483 1567 2535 tenoris:

461 2631 591 2684 Dilecto
610 2629 696 2684 Filio
716 2631 834 2684 Nostro
853 2631 975 2684 Alvaro
994 2631 1018 2684 S.
1040 2632 1071 2684 R.
1092 2632 1122 2684 E.
1144 2631 1341 2697 Presbytero
1361 2632 1539 2686 Cardinali

745 2719 946 2787 Cienlttegos
966 2720 1114 2774 Clemens
1134 2721 1190 2773 ΡΡ.
1206 2720 1255 2773 XI.

515 2836 621 2890 Dilecta
641 2837 693 2891 Fili
714 2837 812 2890 Noster
830 2837 954 2891 salutem.
992 2837 1052 2890 Etsi
1072 2838 1117 2890 din
1136 2836 1370 2898 lraesitarerimns.
1397 2853 1460 2890 num
1479 2839 1566 2891 caris-

444 2926 505 2980 simi
531 2926 559 2979 in
588 2925 697 2979 Christo
726 2926 787 2978 Filii
808 2926 899 2980 Nostri
929 2926 1019 2978 Caroli
1048 2926 1236 2993 Hispanirrmu
1256 2925 1403 2984 Catholici.
1433 2942 1480 2979 nee
1510 2942 1565 2980 non

444 3014 604 3083 Hungariae
632 3022 659 3067 et
684 3014 827 3068 Bohemiae
858 3015 940 3082 Regis
961 3015 1093 3079 illustris,
1123 3016 1150 3068 in
1167 3014 1343 3067 ltoaanormn
1370 3015 1565 3082 Imperatorem

446 3104 525 3158 electi
544 3103 666 3171 precibus
686 3119 803 3157 annitere
818 3103 981 3166 deberemus,
1001 3104 1047 3166 Tc,
1066 3105 1157 3158 dilecte
1172 3102 1224 3155 Fili
1239 3103 1342 3165 Noster,
1362 3103 1435 3155 iuter
1448 3103 1473 3156 S.
1487 3104 1517 3157 R.
1531 3104 1563 3157 E.

445 3193 600 3246 Cardinales
620 3193 800 3256 adscribendo,
819 3192 888 3245 seire
907 3193 1050 3245 tamenTc
1070 3193 1194 3248 volamus.
1215 3197 1334 3243 nostram
1354 3190 1482 3257 ejusmodi
1503 3191 1566 3244 hae·

444 3280 601 3334 sitatiouem
621 3297 673 3334 non
693 3282 755 3334 inde.
780 3281 886 3346 quidem
906 3280 1055 3348 profectam
1075 3282 1166 3335 luisse.
1196 3281 1265 3345 «prod
1284 3295 1451 3341 vereremur,
1478 3296 1511 3332 ne
1531 3281 1567 3333 iis

444 3370 585 3437 praeditus
604 3385 675 3423 esses
688 3369 823 3423 virtutum
842 3370 954 3432 meritis,
975 3386 1043 3436 (puae
1057 3369 1232 3437 anrplssimac
1249 3368 1311 3421 lmic
1323 3368 1455 3436 dignitati
1468 3385 1565 3435 usqne·

445 3474 551 3525 quaque
570 3467 660 3512 essent
678 3459 769 3526 paria:
796 3459 876 3526 probe
895 3460 1026 3524 siquidem
1046 3460 1209 3526 exploratum
1228 3458 1304 3511 nobis
1323 3465 1383 3511 erat
1402 3475 1455 3511 nou
1474 3459 1565 3512 rnirms

446 3547 586 3602 doctrinae
615 3556 678 3601 tuae
704 3548 914 3615 praestantiam,
944 3565 1022 3614 qnam
1051 3563 1146 3601 morsm
1177 3555 1283 3599 tuorum
1311 3547 1502 3615 integritatem
1525 3546 1566 3600 Te

446 3636 547 3690 Eodem
574 3635 682 3690 sublimi
711 3637 737 3690 in
768 3636 885 3690 Ecclesia
918 3637 966 3690 bei
995 3638 1081 3705 gradu
1105 3636 1220 3689 maxime
1248 3637 1359 3696 (lienum
1388 3638 1565 3691 coristitucre.

445 3725 520 3778 Haec
546 3734 637 3779 autem
662 3737 756 3779 nostra
775 3725 920 3779 haesitatio
947 3742 979 3779 er
999 3743 1029 3779 eo
1055 3727 1193 3779 dilatarat
1211 3736 1285 3776 metu
1312 3725 1455 3791 processit,
1484 3740 1563 3790 quem

445 3813 535 3866 animo
554 3829 767 3881 conceperamus,
786 3831 820 3868 nc
839 3831 908 3868 noro
927 3815 977 3868 hoc
995 3815 1117 3882 exempto,
1137 3814 1206 3878 qrrod
1225 3813 1299 3866 brevi
1315 3830 1446 3867 armorum
1465 3815 1564 3881 spretio
1605 3876 1608 3880 ,

446 3909 478 3956 ut
496 3903 596 3970 optime
615 3904 701 3958 nosti.
717 3904 774 3971 jam
794 3904 905 3957 tert-ium
925 3903 1005 3969 esd),
1030 3903 1133 3956 tametsi
1154 3903 1390 3955 Praetleressorunr
1410 3911 1565 3956 nostrorum

481 4147 499 4211 ¹)
520 4147 612 4194 videri
632 4162 663 4194 ea
682 4148 715 4194 de
735 4163 761 4194 re
786 4156 888 4209 practer
907 4147 974 4195 alios
998 4153 1101 4210 posumt
1122 4147 1164 4193 Le
1185 4147 1300 4207 Qnicn,
1328 4148 1423 4194 tlre'rm·
1441 4147 1565 4192 claci-ria-

516 4234 575 4279 nas,
595 4229 613 4270 t.
635 4230 658 4275 2,
678 4234 721 4282 pp.
742 4219 898 4277 323—326;
919 4227 944 4265 et
965 4218 1101 4270 Moruni,
1121 4217 1286 4267 Drir'omtrr'n.
1307 4227 1323 4264 t.
1346 4228 1387 4278 25,
1407 4233 1432 4280 p.
1457 4228 1513 4275 113.

476 4303 571 4374 ‘lCla
587 4307 783 4364 Gnarnacci,
803 4314 821 4355 t.
836 4319 860 4362 2,
874 4323 917 4370 pp.
932 4305 1083 4367 361-364;
1105 4305 1236 4367 Flenry,
1256 4315 1273 4355 t.
1289 4306 1330 4366 76,
1350 4322 1393 4369 pp.
1409 4317 1565 4368 304-312;

518 4380 659 4436 Moroni,
679 4387 695 4425 t.
721 4390 759 4436 13,
779 4393 805 4441 p.
828 4389 893 4437 133:
920 4376 1076 4432 Briiszzle,
1096 4386 1113 4427 t.
1139 4390 1159 4430 1,
1180 4393 1223 4440 pp.
1244 4379 1400 4440 483-4u3:
1428 4380 1565 4435 Hurter,

517 4450 710 4510 Abnrerrclotor,
730 4459 748 4496 t.
770 4462 793 4504 2,
812 4465 855 4512 pp.
876 4449 1020 4512 ‹ppo-931.

475 4534 497 4604 ⁸)
517 4540 633 4587 Primum
654 4549 732 4601 atquc
752 4538 860 4586 alterum
881 4538 1024 4601 exemplum
1051 4536 1132 4583 habes
1153 4537 1178 4583 in
1200 4537 1385 4584 Cardirmlilms
1409 4537 1567 4585 Ptolomaeo

515 4620 541 4658 et
560 4610 669 4660 Salerno
690 4610 808 4673 superius
828 4611 986 4670 memoratis,
1006 4623 1045 4669 op.
1064 4619 1215 4670 427-421).
