3725 5617
797 651 827 705 L.
847 651 894 705 VI.
934 650 1063 718 Perergs.

653 794 820 849 Administer
837 794 982 849 dumtaxat
1000 792 1127 861 Episebpi
1146 790 1211 854 fuit,

722 883 759 937 Et-
783 898 842 939 esse
866 882 958 951 putuit
983 882 1141 951 Episcopus.

733 973 834 1027 Votum
852 972 981 1027 hocerat
999 972 1128 1026 omnium.

807 1062 836 1116 Si
854 1062 945 1116 demss
963 1076 1049 1115 suum.

813 1153 858 1207 Its
876 1151 1051 1220 dignitatem,

713 1241 798 1308 Quem
818 1257 871 1295 uun
889 1240 1016 1309 suscepit,
1035 1239 1146 1305 habuit;

832 1331 902 1398 Quis
920 1330 1028 1385 meruit.

867 1420 988 1488 {Interim

608 1510 749 1564 Potestsbe
767 1525 839 1573 usus,
859 1526 940 1578 quam
958 1509 1094 1577 suscipere
1113 1507 1254 1570 debueret,

813 1598 886 1653 Peme
905 1598 1039 1667 Episeupi.

727 1688 816 1743 liulbs
834 1687 927 1742 sanxit
945 1687 1130 1752 saluberrime,

679 1777 765 1831 Durus
784 1776 920 1832 homiuum
940 1792 1026 1831 mures
1045 1775 1194 1830 emollivit-

774 1866 902 1921 Susviter
920 1873 949 1920 et
968 1865 1085 1920 fortiter.

746 1992 760 2022 i*
924 1993 938 2022 2¹
1099 1992 1114 2024 Ψ

724 2114 819 2169 Obivit
837 2115 925 2185 igitur
943 2116 987 2170 vir
1004 2131 1127 2185 mugnus.

764 2205 815 2272 Qui
834 2206 955 2274 quotidie
974 2206 1093 2273 obierst3

627 2294 667 2348 Eo
686 2294 747 2358 ivit,
766 2310 819 2361 quo
837 2294 878 2349 ire
896 2311 913 2348 a
931 2309 1015 2364 puero
1034 2305 1228 2350 eonsueverst:

649 2383 705 2438 Neu
723 2390 815 2438 tumen
835 2385 906 2453 apud
924 2400 987 2439 suos
1006 2383 1080 2439 obire
1099 2384 1205 2452 potuit:
1262 2379 1265 2384 ’

765 2473 803 2526 Et
821 2474 869 2527 vix
887 2473 972 2528 eliber
988 2473 1087 2529 decuit.

585 2563 692 2629 Quippe
711 2562 757 2630 qui
776 2562 863 2617 latere
881 2562 991 2617 emebat
1010 2563 1082 2617 iuter
1099 2578 1161 2616 suus
1181 2564 1272 2626 virus,

712 2651 848 2706 Lutuissei
870 2651 942 2706 forte
961 2660 990 2706 et
1008 2657 1136 2706 mortuns

570 2728 572 2731 ¹
620 2738 672 2807 Qui
690 2740 785 2796 furore
803 2740 942 2809 Superum,
962 2757 1041 2809 quam
1061 2741 1133 2809 apuu
1151 2756 1222 2805 suus,

663 2828 730 2883 'l'em
749 2830 821 2899 apud
839 2836 955 2895 exteros,
975 2830 1064 2885 lucere
1083 2830 1185 2884 debuit.

762 2919 881 2973 Reddite
898 2920 972 2974 coelo
991 2920 1082 2974 enims

583 3007 660 3062 Uutie
680 3012 801 3072 venerut,
821 3018 850 3063 et·
868 3008 914 3062 ubi
934 3010 1063 3063 contiuuo
1082 3007 1266 3070 habitaverat,

641 3097 756 3151 Tumuio
774 3113 828 3152 nou
847 3114 895 3152 suo
914 3114 1010 3166 eorpus
1030 3097 1135 3152 illatum
1154 3105 1204 3151 est.

557 3185 675 3239 Netum
694 3185 801 3252 quidem
820 3186 918 3241 hebere
937 3187 1082 3254 quidquam
1100 3201 1177 3240 suum
1198 3186 1293 3241 ruieru

607 3274 747 3329 Tumulsri
768 3282 859 3329 iumen
878 3276 930 3330 uiri
950 3276 1039 3346 gloria
1059 3292 1111 3330 uou
1131 3276 1236 3343 potuit:

734 3364 809 3419 Hsee
828 3372 859 3418 ut
877 3364 981 3419 diutius
1001 3365 1114 3428 uiueret,

799 3453 866 3508 Octo
884 3461 946 3523 post
964 3454 1044 3509 suuis

692 3542 746 3597 sub
765 3558 896 3597 marmore
915 3543 1025 3613 integer
1044 3543 1151 3598 visitur.

674 3632 793 3686 Verebur
819 3648 914 3701 nempe
939 3650 1008 3687 mors
1032 3642 1173 3687 mortuum.

619 3721 704 3788 Quem
724 3722 815 3776 uirum
835 3730 948 3790 experta
967 3731 1009 3778 est
1027 3738 1056 3776 se
1075 3723 1221 3776 fortiorem.

802 3810 916 3865 Precsre
935 3827 1038 3865 meeum

867 3899 977 3955 Viator:

601 3988 736 4043 Morietur
754 3990 844 4041 suiuus
864 4005 922 4043 mea
950 3995 1037 4043 morte
1052 3989 1122 4057 justi
1141 3987 1236 4056 hujus!
