3725 5617
364 662 418 714 002
556 663 587 719 L.
607 664 640 719 V.
678 664 718 718 Dc
736 663 842 718 Unione
861 663 1047 718 Rutheuorum
1066 670 1095 717 et
1114 663 1310 718 Armenorum.

888 1036 919 1125 §-
943 1038 973 1106 s.

401 1163 440 1225 te
459 1163 597 1224 canentes
622 1163 767 1226 erectione
785 1163 972 1236 eetreonntnr
991 1162 1223 1226 lnnnteetenete
1253 1164 1312 1225 sete
1333 1164 1474 1238 ament

691 1261 826 1333 ernesnle
845 1261 947 1323 ouen
965 1259 1171 1335 tterterttno.¹t

912 1420 947 1474 A.

388 1526 775 1611 literaesupplices
799 1528 946 1594 llariae
970 1527 1178 1595 'theresiae
1199 1529 1417 1614 Augustae
1441 1530 1486 1597 ad

690 1633 923 1701 Clementem
948 1635 1008 1703 PP.
1033 1634 1170 1715 ltttt.²).

653 1794 849 1859 Beatissimo
873 1795 907 1858 in
934 1793 1064 1858 Christo
1089 1794 1196 1860 Pater.

697 1918 840 1983 Domine
864 1918 1164 1983 Reverendissime.

457 2061 536 2124 Post
558 2061 739 2125 officiosam
764 2061 876 2125 Nostri
901 2061 1224 2126 commendationem
1251 2072 1285 2125 et
1311 2062 1429 2128 filialis
1453 2063 1504 2128 oh

366 2169 556 2232 servantiae
579 2168 773 2231 continuum
793 2167 1038 2252 juramentum:
1064 2168 1260 2232 Theodorus
1284 2168 1506 2255 Korjatovics

367 2276 403 2338 in
426 2273 646 2338 haereditario
670 2297 771 2358 regno
793 2275 913 2338 Nostro
931 2275 1122 2357 llungariae
1146 2296 1235 2338 anno
1260 2275 1383 2340 adhuc
1410 2278 1503 2356 1360,

368 2402 471 2466 prope
501 2380 660 2466 oppidum
685 2381 852 2444 Munkdcs
884 2380 1037 2444 fundavit
1067 2383 1308 2445 monasterium
1343 2394 1379 2447 et
1406 2383 1501 2448 eccle.-

368 2487 451 2551 siam
485 2486 546 2551 sub
580 2486 675 2551 titulo
709 2489 814 2551 saneti
838 2487 967 2551 Nicoloi
994 2487 1150 2573 Episcopi
1181 2510 1242 2572 pro
1274 2493 1396 2574 graeei
1424 2493 1505 2555 ritus

369 2592 541 2657 monachis
565 2604 598 2656 et
620 2593 783 2676 religiosis
812 2592 968 2675 Basilitis,
1000 2615 1139 2679 quorum
1169 2593 1277 2658 abbas
1307 2597 1384 2682 jann
1416 2620 1502 2661 anno

370 2701 454 2764 1491
481 2699 543 2763 suh
568 2699 729 2764 Vladislai
754 2702 840 2783 regis
858 2700 1050 2783 llungariae
1074 2702 1282 2785 protectione
1301 2706 1502 2768 constitutus

370 2805 497 2871 honore
520 2808 677 2891 Episcopi
704 2806 934 2871 liuthenorom
958 2806 1135 2890 gaudebat,
1160 2809 1296 2893 acujus
1314 2810 1505 2875 obedientis

370 2913 479 2978 clerus
504 2925 535 2978 et
559 2913 701 2999 populus
726 2913 898 2978 liuthenus
922 2914 1111 2978 omnimode
1128 2913 1359 2998 dependebat.
1384 2918 1501 2982 Tracta

369 3021 505 3085 demum
530 3022 687 3105 temporis
712 3020 847 3105 quidam
872 3020 1016 3084 Basilius
1038 3022 1253 3085 Tarassovics
1286 3023 1372 3087 dicti
1398 3046 1500 3087 mone·
1544 3051 1546 3086 ι

370 3130 460 3190 sterii
486 3126 590 3189 abbas
615 3140 647 3189 et
671 3127 767 3190 simul
793 3127 1020 3191 Rutlnenorum
1046 3128 1233 3214 Episcopus
1258 3151 1340 3193 crum
1364 3130 1450 3195 clero
1472 3141 1500 3192 et

371 3232 494 3319 populo
513 3233 740 3319 jurisdictioni
773 3255 851 3297 suae
881 3235 1029 3319 subjecto
1062 3234 1104 3298 ad
1134 3256 1280 3299 errorem
1316 3236 1499 3301 schismatis
1544 3277 1546 3282 -

372 3339 508 3422 defecit,
538 3350 570 3403 et
602 3339 645 3403 ad
674 3362 798 3404 annum
832 3364 937 3426 usque
963 3342 1048 3405 1649
1081 3364 1175 3405 sacra
1210 3341 1300 3407 Unio
1338 3346 1371 3408 iu
1405 3365 1497 3427 regno

371 3446 567 3530 Hungariae
597 3446 791 3531 consepulta
821 3450 952 3529 marisit,
984 3448 1089 3511 donec
1121 3448 1256 3512 tandem
1283 3450 1406 3515 Petrus
1430 3450 1497 3514 Par·

372 3552 506 3617 thenius
537 3553 674 3619 Ordinis
704 3556 812 3617 sancti
844 3553 959 3618 Basilii
992 3554 1164 3638 religiosus
1195 3578 1345 3639 superno
1379 3557 1496 3622 lumine

371 3658 561 3741 illustratus,
587 3682 662 3723 cum
687 3660 761 3724 aliis
785 3661 1067 3725 darchidiaconis
1092 3662 1493 3747 ct63presbyte1isesn·
1544 3667 1546 3672 ’

371 3766 447 3830 dem
474 3789 533 3853 per
555 3767 791 3851 professionem
817 3768 905 3848 lidci,
931 3767 993 3832 sub
1018 3768 1073 3832 illa
1098 3771 1278 3854 praecipue
1312 3771 1495 3836 conditione

403 4015 422 4081 ¹)
443 4016 554 4066 Carolus
573 4033 587 4064 e
606 4018 754 4065 Comitihus
776 4019 934 4081 Eszterhcizy
954 4019 989 4067 de
1008 4019 1151 4081 Galantha,
1170 4020 1289 4083 collegii
1304 4024 1457 4072 Germanici
1471 4029 1493 4067 ti

442 4089 590 4149 Hungarici
616 4090 649 4136 de
671 4090 743 4136 Urbe
768 4091 900 4152 quondam
926 4090 1062 4152 alumnus,
1092 4092 1201 4139 antistes
1225 4093 1344 4155 primum
1366 4095 1494 4144 t‘ecieesis

440 4160 652 4222 (1750—1762),
673 4161 768 4207 deinde
790 4162 928 4222 Agriensis
948 4161 1163 4226 (syon-1709).
1188 4164 1284 4211 seriem
1307 4166 1492 4230 Episcoponnn

443 4232 611 4293 Agriensium
638 4231 747 4279 clausit:
774 4233 842 4279 Sede
862 4248 909 4280 suo
928 4234 962 4280 ad
983 4232 1204 4296 metropoliticam
1231 4234 1394 4295 dignitatem
1412 4245 1493 4286 neten

441 4317 511 4350 anno
536 4302 608 4363 1804.
638 4330 672 4339 -
703 4306 742 4351 De
768 4304 887 4364 glorioso
913 4304 991 4366 hujus
1010 4304 1121 4367 praelati
1147 4306 1277 4366 regimine
1306 4317 1411 4371 praeter
1434 4307 1492 4355 alteo

441 4373 550 4420 consule
564 4376 694 4421 Brevem
711 4371 880 4422 historiam
902 4376 1212 4439 archiepiscopatus
1227 4378 1491 4440 Agrtensisstte

440 4447 560 4491 rnatmmo
588 4448 654 4491 cleri
670 4448 894 4494 archtdrbccesam'
917 4446 1058 4510 praelixam
1084 4463 1154 4496 anno
1177 4448 1259 4510 1877,
1289 4450 1340 4512 jct.
1360 4452 1491 4504 Kntonn.

443 4516 512 4568 ΗΜ,
532 4533 588 4576 req.
609 4517 712 4576 llantur„
732 4525 749 4564 t.
771 4529 814 4578 41,
834 4534 859 4581 p.
882 4519 941 4579 578.

399 4593 421 4659 ¹)
441 4595 533 4643 Edidit
554 4595 705 4643 Fiedeler
728 4598 755 4645 in
775 4599 831 4648 Act.
853 4600 897 4649 Ac.
917 4601 955 4650 lit,
982 4599 1122 4650 thobon.
1143 4621 1176 4638 =
1196 4600 1447 4663 Sitzungsbertctnee
1462 4619 1491 4642 ι·

441 4681 484 4716 an.
507 4666 581 4725 1862,
601 4682 636 4731 pp
667 4668 813 4729 516-518.
