3725 5617
320 591 322 624 t

320 645 322 712 l

680 639 833 693 lleurnriale
853 638 934 691 (taor.
955 636 1108 691 Herenesii.
1422 637 1456 688 ll

369 781 457 846 dautur
479 782 634 868 exempla
658 785 815 846 transitus
839 806 858 845 a
882 802 1001 863 graeco
1026 779 1068 843 ad
1095 780 1234 842 latinum
1260 780 1354 856 faeti,
1380 782 1462 842 satis

320 937 321 950 ,
367 890 476 973 probant
509 890 652 953 similem
683 913 702 952 a
727 889 828 952 latino
860 888 902 952 ad
926 908 1084 972 graecum
1116 887 1185 949 fieri
1212 908 1323 970 posse,
1357 908 1460 971 quum

367 1009 471 1081 uterque
495 998 620 1081 pariter
643 1007 775 1059 sanctus
798 996 849 1059 sit.

428 1121 471 1186 2⁰.
505 1120 621 1204 Longe
646 1118 866 1182 difficiliorem
892 1120 1049 1182 convenit
1073 1118 1229 1183 Sanctam
1246 1116 1366 1180 Sedem
1391 1139 1463 1180 esso

364 1227 386 1287 iu
409 1226 621 1311 permittendo
655 1228 795 1290 transitu
819 1248 839 1287 a
861 1248 979 1309 graeco
1012 1228 1077 1288 ritu
1101 1225 1143 1289 ad
1167 1224 1325 1302 latinum,
1361 1246 1462 1309 quam

363 1349 515 1412 tronti-³3
553 1356 647 1414 nam,
685 1345 721 1395 ut
752 1332 835 1396 bene
869 1333 1013 1396 advertit
1043 1332 1231 1412 Verrieolli‚
1269 1331 1462 1398 iudaeorum

364 1443 443 1522 uagis
469 1455 534 1518 est,
572 1452 607 1502 ut
631 1440 844 1523 Sacerdotes,
880 1442 936 1525 qui
969 1441 1215 1503 matrimonium
1247 1438 1374 1503 licitum
1406 1439 1463 1503 ha-

364 1546 428 1613 lant.
450 1546 550 1610 latine
575 1546 753 1618 eelebrent,
779 1569 878 1632 quam
904 1559 940 1609 ut
963 1548 1075 1610 Latini
1100 1569 1229 1631 graece.

429 1675 474 1736 3⁰.
512 1672 705 1735 Transitum
743 1675 852 1757 gratem
886 1671 1075 1735 Sacerdotis
1108 1672 1149 1735 ad
1185 1671 1323 1735 latinum
1362 1672 1463 1734 ritum

364 1777 475 1842 ulerunt
498 1777 637 1854 Graeci,
670 1801 770 1863 quum
804 1789 921 1864 putent
945 1780 1042 1843 simili
1076 1781 1215 1843 transitu
1250 1800 1325 1841 suos
1350 1779 1461 1843 Sacer-

365 1883 434 1948 dotes
455 1888 545 1972 quasi
572 1886 614 1949 ad
640 1888 890 1960 conversionem
915 1886 957 1950 ab
983 1887 1110 1950 haeresi
1137 1886 1267 1971 disponi
1297 1885 1465 1970 judicent·

367 2015 411 2076 que
431 2019 460 2056 ae
482 2017 502 2057 a
525 1994 656 2057 Latinis
681 1996 815 2057 omuino
840 1996 1019 2057 contemni.
1067 1995 1100 2058 Si
1126 2016 1204 2057 vero
1230 1992 1467 2077 intelligerent,

369 2096 493 2163 latinum
524 2123 643 2184 graeco
677 2102 740 2164 ritu
766 2100 950 2179 celebrare,
984 2101 1113 2165 illorum
1139 2103 1277 2164 allectus
1302 2122 1379 2185 erga
1403 2100 1465 2163 lto-
1494 2163 1498 2170 ,

370 2224 456 2268 nanos
486 2207 735 2282 conciliaretur,
773 2210 828 2292 qui
868 2230 926 2293 per
964 2207 1063 2270 talem
1097 2210 1205 2291 graeei
1246 2209 1328 2270 ritus
1368 2229 1464 2270 usum

369 2310 432 2374 elur
447 2314 603 2387 riderent,
629 2313 718 2399 qnod
734 2314 885 2377 Eeelesia
900 2315 1051 2377 Romana
1074 2313 1201 2377 illorum
1220 2315 1340 2377 llissae
1363 2316 1462 2377 ritum

371 2437 416 2480 non
436 2432 627 2502 contemnat,
653 2420 709 2484 sed
735 2444 796 2483 usu
821 2423 892 2505 ipso
916 2422 1087 2505 approbet.

436 2550 628 2636 Quanquam
656 2556 703 2616 to.
723 2577 783 2616 neo
807 2577 921 2618 eorum
944 2555 1052 2618 desint
1067 2555 1229 2639 exempla,
1255 2557 1309 2640 qui
1329 2578 1348 2617 a
1362 2553 1467 2617 latino

372 2656 417 2716 ritu
443 2657 478 2719 ad
515 2681 673 2741 graecum
706 2662 949 2740 transiverunt,
987 2685 1062 2724 nam
1096 2674 1131 2724 ut
1160 2661 1200 2724 de
1230 2662 1262 2727 S.
1295 2660 1467 2723 llethodio

372 2773 484 2836 taceam,
508 2764 549 2828 de
574 2788 639 2851 quo
665 2766 853 2829 Nieolaus
879 2768 1099 2831 Cornnenua
1123 2764 1387 2852 l'apadopoli‚
1413 2768 1469 2829 vir

373 2865 395 2928 in
414 2867 534 2935 Graecis
559 2875 803 2936 versatissimus
827 2873 927 2936 habet
959 2874 1055 2958 llesp.
1079 2873 1121 2936 ad
1150 2873 1339 2953 Hoelrstou,
1375 2872 1463 2958 quod

375 2975 448 3054 prino
478 2978 587 3042 Sacris
611 2980 770 3044 Romanis
806 2983 970 3060 initiatus.
1008 2980 1128 3044 deindo
1162 2980 1267 3043 faetus
1300 2980 1342 3043 sit
1374 2980 1466 3064 apud

374 3081 482 3148 limeeos
501 3086 703 3161 l'atriareha,
729 3090 808 3150 satis
824 3087 938 3173 liquet,
964 3111 1005 3150 ex
1023 3087 1199 3172 Privilegio
1219 3088 1403 3150 lunoeentii
1420 3087 1465 3150 X.

374 3187 451 3270 uitato,
473 3194 560 3278 quod
586 3195 757 3257 monachis
783 3195 920 3259 llrdinis
945 3194 977 3258 S.
1003 3194 1132 3270 Basilii,
1166 3197 1220 3279 qui
1248 3197 1280 3256 in
1306 3218 1372 3257 uno
1396 3194 1465 3257 Mo-

374 3301 479 3362 raterio
504 3300 607 3363 latine
628 3300 746 3364 Missas
770 3300 1032 3380 celebraverunt,
1058 3302 1157 3364 liceat
1182 3304 1215 3364 in
1233 3302 1334 3364 altero
1353 3302 1464 3364 lloua·

373 3406 448 3474 attio,
469 3406 511 3469 ad
536 3407 625 3492 quod
651 3407 733 3470 forte
759 3410 976 3489 mitterentur,
1001 3431 1118 3492 graeee
1144 3408 1322 3471 celebrare.

432 3541 523 3621 Quod
558 3553 670 3605 autern
704 3544 861 3626 pauciora
895 3544 962 3605 siut
994 3542 1110 3604 horum
1149 3540 1318 3625 exempla,
1355 3543 1410 3626 qui
1445 3565 1467 3605 a

372 3638 441 3710 latino
458 3650 534 3712 Ritu
559 3650 602 3712 ad
619 3672 774 3730 graecum
793 3651 1033 3724 transivissont,
1060 3651 1093 3711 in
1117 3658 1271 3733 promptu
1289 3661 1337 3711 est
1354 3672 1465 3712 eausa.

371 3745 426 3817 lan
447 3778 639 3840 graecorum
666 3754 881 3818 Sacerdoturn
907 3755 1004 3838 longe
1029 3758 1175 3818 severior
1198 3767 1248 3818 est
1277 3755 1464 3839 disciplina,

369 3856 394 3917 ul
419 3862 635 3950 frequentiora
668 3885 772 3947 eaque
806 3862 965 3945 rigidiora
994 3862 1139 3946 jejunia,
1177 3862 1327 3945 longiora
1351 3862 1466 3943 Sacra,

369 3973 551 4042 putamina
562 3967 757 4055 quotidiana
768 3969 887 4047 officia,
905 3968 1109 4032 difficiliores
1120 3967 1216 4050 longe
1228 3971 1464 4050 caeremonias

368 4089 425 4151 quae
453 4078 564 4140 omnia
597 4077 768 4160 pauciores
792 4088 916 4160 optant.
966 4076 1097 4138 Deinde
1129 4098 1190 4138 nee
1226 4074 1463 4139 lienelieiorum

367 4181 552 4258 spomorum,
591 4205 650 4245 nee
686 4185 926 4267 promotionum
964 4205 1085 4265 magna
1119 4184 1204 4245 iuter
1237 4184 1383 4246 Graecos
1415 4196 1468 4246 eat

367 4302 424 4363 aas,
447 4288 583 4373 proinde
609 4290 818 4351 mirum-non
844 4301 911 4366 est,
938 4291 1110 4373 pauciores
1134 4289 1176 4352 ad
1202 4311 1314 4351 eorum
1340 4292 1422 4354 ritus
1446 4313 1466 4353 o

368 4384 465 4457 latinis
487 4398 646 4481 aspirare,
672 4418 769 4481 qutun
797 4399 962 4476 vicissim3
988 4420 1049 4459 nee
1067 4396 1293 4475 metuendum,
1318 4395 1463 4481 aliquem

367 4496 402 4558 lel
426 4502 464 4565 atl
498 4515 628 4586 tempus
662 4504 876 4566 transiturum
916 4504 979 4566 nisi
1014 4503 1164 4566 lucrandi
1201 4525 1301 4565 eausa
1335 4505 1466 4566 animas

367 4608 477 4679 muoso
502 4608 625 4671 lJ-lrristi
651 4611 812 4691 sanguine
839 4608 1036 4694 redemptas.
