3725 5617
460 653 514 705 682
633 651 664 705 L.
685 651 735 703 ΙΙΙ.
774 651 812 704 De
831 649 946 703 historia
964 649 1092 703 ecclesiae
1111 650 1290 702 Rurneuorum
1310 649 1418 704 unitae.

483 796 515 860 b.
552 794 649 857 Acta
675 792 980 858 Consistorialia
1012 793 1042 860 d.
1072 795 1121 857 16.
1147 791 1383 857 Novembris
1408 815 1473 858 an.
1505 794 1600 875 1854,

551 900 672 987 quibus
697 900 874 964 exhibetur
897 902 1140 985 praeconizatio
1167 901 1265 984 primi
1290 899 1455 985 Episcopi
1484 901 1599 964 Arme

552 1007 733 1092 nopolitani
763 1007 906 1072 Joannis
930 1005 1028 1069 Alexi
1062 1028 1138 1069 cum
1172 1005 1267 1069 solita
1299 1008 1538 1092 propositione
1569 1019 1601 1071 et

552 1114 774 1199 descriptione
798 1135 905 1177 novae
930 1113 1089 1177 ecelesiae
1113 1112 1322 1177 cathedralis.

531 1238 615 1305 Typis
633 1238 750 1306 vulgata
775 1242 871 1291 extent
890 1236 929 1307 {in
948 1236 1043 1290 diariis
1062 1237 1204 1305 Romanis;
1234 1236 1354 1292 breviter
1373 1236 1465 1292 etiam
1485 1253 1599 1293 comme·

459 1333 601 1382 morantur
619 1328 690 1395 apud
708 1326 848 1390 lloroni,
868 1330 932 1379 tom.
952 1326 1008 1382 cit..
1025 1342 1050 1393 p.
1073 1327 1131 1379 11⁶2.

483 1453 513 1517 6.
549 1451 666 1516 Bulla
699 1452 914 1515 erectionis
945 1449 1141 1514 ecclesiae
1164 1450 1425 1534 Lugosiensis
1460 1453 1596 1539 Aposto

552 1559 643 1622 licum
672 1560 881 1621 ministerium
889 1608 899 1636 ,
930 1558 1020 1621 edita
1050 1580 1070 1621 a
1093 1558 1153 1621 Pio
1177 1557 1243 1622 ΡΡ.
1268 1558 1334 1624 ΙΧ.
1368 1557 1424 1622 die
1451 1560 1510 1624 26.
1535 1560 1595 1624 No·

551 1664 696 1729 vembris
720 1688 773 1728 an.
802 1665 896 1729 1853.

485 1811 513 1873 7.
551 1808 651 1873 Acta
689 1805 1010 1886 Consistorialia,
1058 1829 1157 1891 supra
1198 1807 1270 1891 jam
1313 1805 1461 1891 allegata
1508 1819 1541 1872 et
1575 1830 1594 1871 a

550 1915 700 1979 Moroni
725 1913 746 1977 l.
772 1936 799 1977 o.
825 1915 1003 1998 proposita.

483 2058 514 2122 8.
550 2056 649 2121 Aeta
672 2057 923 2119 executionis
955 2054 1121 2119 bullarum
1145 2056 1392 2140 pontificiarum
1424 2056 1473 2121 ab
1497 2057 1588 2121 Emo.

550 2161 720 2226 Cardinali
745 2161 977 2245 viclo-Prole,
1002 2162 1218 2226 Pro-Nuntio
1244 2161 1459 2247 Apostolico,
1485 2164 1590 2228 fectae

550 2291 662 2333 mense
686 2268 823 2334 Octobri
854 2291 908 2333 an.
943 2270 1046 2352 1855,
1079 2269 1182 2332 relata
1213 2272 1246 2332 in
1275 2268 1393 2334 Cia-tcta
1420 2270 1588 2345 Cottolt'co,

550 2377 581 2441 3.
606 2378 698 2456 serie,
724 2386 747 2442 t.
774 2380 814 2461 1.,
839 2399 894 2461 pp.
923 2377 986 2440 110
1010 2399 1100 2462 seqq.

1004 2626 1038 2677 Β,

805 2733 851 2797 Ex
877 2733 988 2799 bulla
1013 2732 1241 2800 erectionis

550 2888 712 2954 Exhibita
734 2890 839 2955 Nobis
870 2915 891 2954 a
915 2891 1097 2956 venerabili
1128 2894 1227 2956 etiam
1251 2893 1368 2956 Fratre
1392 2905 1506 2959 nostro
1533 2897 1589 2959 Ar·

461 2997 673 3083 cbiepiscopo
707 2997 925 3082 Strigoniensi
957 2998 1061 3062 libera
1100 3000 1210 3085 quoad
1240 2999 1323 3063 haec
1354 3002 1588 3086 metropolitici

455 3104 542 3191 juris
571 3107 795 3189 resignatione
903 3106 946 3169 ad
971 3106 1130 3190 majorem
1155 3105 1401 3192 Omnipotcntis
1427 3107 1493 3171 Dei
1525 3108 1589 3192 glo·

459 3214 555 3291 riam,
581 3211 765 3275 catholicae
788 3210 958 3294 religionis
983 3213 1234 3294 incrementum,
1259 3235 1411 3276 necnon
1437 3216 1590 3299 spiritua·

460 3319 526 3383 lem
541 3320 793 3401 Romenorum¹)
819 3319 1077 3383 consolationem
1103 3331 1134 3383 ct
1154 3321 1374 3401 commodum,
1400 3331 1494 3384 motu
1520 3343 1590 3407 pro-

460 3428 550 3511 prio,
584 3436 674 3489 certa
698 3427 836 3489 scientia
860 3448 899 3489 ac
924 3437 1053 3489 mature
1078 3426 1315 3491 deliberatione
1339 3436 1453 3491 nostra
1482 3427 1590 3514 deque

461 3532 673 3616 Apostolicae
702 3534 872 3617 potestatis
896 3531 1134 3618 plenitudinel)
1160 3534 1347 3597 Dioecesim
1372 3535 1591 3618 Fogarasien·

461 3660 531 3702 sem
563 3639 598 3701 in
622 3638 873 3720 Transilvania‚
908 3661 992 3724 quae
1021 3640 1092 3724 jam
1127 3641 1204 3704 indo
1237 3664 1257 3704 a
1287 3664 1346 3704 sua
1378 3643 1591 3707 institutione

461 3744 700 3830 metropolitico
738 3748 807 3831 juri
845 3747 1096 3832 Archiepiscopi
1142 3746 1376 3833 Strigoniensis
1417 3748 1463 3812 ad
1508 3747 1591 3814 heco

459 3874 565 3938 usque
599 3862 748 3937 tempora
780 3853 927 3916 obnoxia
959 3852 1071 3936 fuitl),
1108 3854 1150 3917 ab
1187 3856 1303 3918 eodem
1338 3856 1415 3939 jure
1449 3866 1483 3920 et
1517 3856 1591 3922 sub·

492 4091 513 4158 ¹)
533 4095 574 4141 lta
594 4094 761 4142 Transilvani
781 4094 845 4141 ritus
864 4094 953 4154 graeci
977 4095 1109 4153 scribunt,
1136 4096 1256 4158 quamvis
1277 4097 1347 4144 Acta
1367 4096 1447 4144 Sedis
1466 4097 1590 4159 Aposto-

531 4164 599 4212 licae
619 4166 645 4212 in
667 4166 739 4212 sonte
759 4166 817 4226 ipso
839 4167 949 4216 Itanon.
971 4165 1076 4217 habent.

493 4234 513 4299 ²)
533 4238 574 4283 De
589 4236 614 4281 ri
634 4243 712 4299 atque
732 4236 852 4283 efficacia
866 4246 978 4299 quatuor
991 4237 1081 4284 harum
1096 4238 1273 4284 clausularum
1287 4238 1426 4285 videantur
1441 4239 1593 4288 Barbosa

532 4314 558 4354 et
578 4306 706 4354 Martha
725 4307 751 4354 in
772 4313 875 4355 tractat.
894 4309 926 4354 de
945 4310 1078 4357 clausulis.

491 4372 607 4442 ⁸)Quae
633 4378 676 4425 hic
703 4379 736 4426 de
765 4379 822 4439 jure
849 4378 1044 4441 metropolitico
1070 4381 1146 4428 Sedis
1172 4381 1361 4441 Strigonicnsis
1391 4380 1418 4427 in
1446 4380 1592 4430 ecclesiam

531 4449 748 4510 Fogarasieusem
770 4449 894 4497 historice
913 4451 1050 4507 dicuntur,
1080 4467 1111 4498 ex
1131 4451 1288 4515 protocollis
1308 4451 1484 4500 collationum
1508 4455 1592 4502 Vien-

531 4519 649 4567 nensium
676 4521 738 4569 anni
761 4519 827 4581 1830
853 4522 878 4569 in
904 4522 1119 4570 informationem
1142 4526 1257 4571 Romam
1284 4525 1389 4571 missam
1419 4529 1502 4587 atque
1530 4526 1593 4574 inde

531 4590 558 4638 in
577 4591 798 4639 constitutionem
818 4592 1004 4656 Apostolicam
1033 4595 1199 4642 transierunt.
1241 4597 1336 4642 Verum
1366 4594 1501 4656 exigenda
1531 4607 1592 4644 suut

530 4662 564 4709 ad
583 4676 614 4708 ea
633 4677 701 4724 quae
720 4663 838 4726 superius
858 4664 1090 4712 animadvertimus
1110 4680 1154 4728 pp.
1175 4666 1325 4727 436-438,
1348 4675 1397 4725 572
1417 4673 1445 4713 et
1465 4665 1531 4729 647.
