3725 5617
372 807 428 874 lie
453 803 1086 888 91110111111111111111·(1111111111
1111 803 1314 870 Scrbicac

654 921 775 989 notitia
799 918 1039 1006 prastininaris

317 1039 479 1092 exhibens
500 1039 624 1092 selecta
644 1037 804 1100 quaedem
823 1039 1044 1089 monumenta
1063 1034 1103 1088 de
1122 1034 1287 1088 catholice
1306 1032 1373 1086 fide

646 1119 802 1170 veterum
821 1114 1036 1182 sephorum).

831 1220 849 1285 I

549 1327 596 1387 Ex
624 1326 741 1386 literis
766 1324 966 1386 Innocentii
993 1323 1142 1384 Ple-111.

692 1415 717 1469 d
736 1417 762 1469 8.
780 1414 907 1470 ianuarii
929 1413 999 1468 1198

602 1495 631 1551 in
650 1496 763 1550 eundem
782 1494 840 1550 fere
859 1495 966 1550 modum
985 1492 1094 1563 scriptis

711 1588 881 1649 Principibus
905 1587 976 1634 iiras

424 1683 621 1761 Vulcano,
651 1683 746 1767 Regi
770 1681 997 1748 Dalmatiae
1020 1690 1058 1745 et
1080 1679 1269 1748 Dioclsas

837 1793 866 1842 et

391 1879 592 1966 Stephano
623 1877 763 1963 Magno
787 1877 945 1963 Jupano
979 1877 1104 1939 totius
1127 1874 1301 1940 Ser-biae.

351 2003 585 2091 „Intellipeates
603 2026 666 2091 per
689 1973 800 2067 literas
824 2014 897 2067 tuas
920 2011 1028 2066 nostro
1044 1999 1240 2088 apostolatui
1256 2021 1411 2084 praessa·

285 2115 371 2168 tatas
387 2115 459 2167 tace
476 2103 652 2166 devotionis
668 2099 824 2179 ardorem,
849 2100 933 2185 qaod
951 2097 1097 2163 videlicet
1112 2099 1292 2162 Romanam
1304 2091 1411 2159 Eccle-

283 2204 365 2265 siam
380 2212 510 2264 matre-m
526 2210 612 2263 taam
627 2221 723 2285 saper
739 2199 845 2262 omnia
853 2208 931 2285 post
946 2197 1050 2262 Deam
1064 2194 1196 2281 dilipere
1212 2205 1241 2258 et
1255 2194 1411 2258 honorare

279 2301 437 2386 proponis
466 2309 496 2361 ct
518 2297 680 2360 mandatis
702 2296 819 2359 nostris
850 2295 1039 2358 omnimodis
1066 2294 1262 2358 inhaerere.“
1295 2291 1412 2380 (Apud

287 2398 409 2481 iligna,
435 2396 522 2460 Patr.
547 2394 602 2459 lot.
627 2405 704 2459 tom.
730 2394 806 2474 214,
830 2415 885 2478 pp.
910 2393 1115 2477 481-482).

827 2517 869 2582 ΙΙ.

444 2625 492 2684 Ex
511 2624 627 2685 litoris
646 2622 816 2701 Stephani
835 2622 951 2700 Magni
971 2621 1096 2700 Jupaoi
1116 2620 1254 2681 Scabies

408 2715 441 2768 de
470 2728 560 2768 mense
590 2711 741 2780 Septembri
772 2712 841 2766 1199
871 2711 905 2765 od
936 2711 1126 2767 Innocentium
1153 2710 1207 2765 ΡΡ.
1234 2709 1287 2766 ΠΙ.

354 2821 588 2884 Innocentio
613 2820 686 2884 Dei
717 2822 846 2904 gratia
869 2818 1024 2883 Summo
1049 2819 1242 2883 Pontifici
1271 2828 1309 2883 et
1332 2819 1412 2884 uni·

288 2917 434 2982 vorsali
465 2917 596 3003 Papae
628 2916 823 2981 Romanae
848 2917 1054 2982 Ecclesiae
1079 2966 1087 2981 .
1111 2967 1149 2982 ..
1190 2917 1412 3003 Stephanus

287 3018 454 3101 Magnus
477 3016 659 3101 Jupanus
683 3017 806 3079 totius
830 3015 994 3081 Scrbiac
1017 3014 1199 3098 salutem,
1228 3025 1412 3102 tanquam

287 3116 392 3200 patri
419 3135 486 3177 suo
511 3112 724 3199 spirituali.

357 3235 590 3322 „Gratulamar
614 3240 754 3323 Mapaae
778 3236 954 3301 Sanctitati
983 3237 1132 3316 Vestrae,
1164 3239 1240 3324 qaia
1261 3262 1325 3303 aoa
1348 3248 1413 3303 tra·

286 3335 401 3400 didisti
429 3357 486 3399 aos
517 3338 552 3398 ia
580 3337 767 3399 oblivionem
790 3334 881 3418 filios
905 3345 991 3416 taos,
1025 3334 1081 3399 sed
1102 3336 1287 3400 recordatus
1310 3359 1343 3401 es
1374 3337 1413 3401 de

285 3433 386 3497 aobis.
435 3435 506 3497 Nos
530 3444 634 3497 aete-m
663 3455 784 3519 semper
807 3433 1043 3496 concideramus
1071 3433 1107 3495 ia
1128 3435 1262 3519 oestipia
1284 3446 1413 3500 sanctae

285 3534 451 3596 Romanae
475 3530 653 3610 Ecclesiae,
686 3532 767 3595 sicat
799 3531 898 3594 bonae
930 3532 1098 3594 memoriae
1122 3541 1221 3617 pater
1249 3555 1352 3612 meas,
1385 3543 1415 3598 et

282 3640 488 3716 praeceptam
520 3642 648 3693 sanctae
682 3632 848 3696 Romanae
877 3630 1040 3694 Ecclesiae
1072 3651 1192 3715 semper
1222 3631 1411 3696 custodiret

288 3726 389 3810 (Ibid.
414 3750 446 3813 p.
473 3728 563 3809 726).

544 3938 592 3999 Ex
611 3957 738 3998 oenone
757 3938 783 3997 6.
803 3937 923 4015 synodi
942 3936 1156 3998 Dioclecnsis

288 4034 408 4103 ejusdem
421 4036 485 4090 anni
500 4036 577 4100 1199,
591 4037 634 4090 cui
649 4035 744 4089 Serbia
755 4051 803 4102 per
815 4034 968 4102 episcopum
981 4051 1061 4090 suum
1069 4035 1236 4092 Theodorum
1248 4036 1415 4105 subscripsit

357 4144 590 4227 „Sacrosancta
614 4147 761 4207 Romana
786 4143 929 4207 Ecclesia
959 4155 1060 4208 mater
1089 4154 1135 4208 est
1157 4145 1294 4209 omaiam
1322 4144 1415 4210 eccle-

287 4242 408 4305 siaram
431 4254 461 4306 et
484 4245 666 4329 maffia-rof
709 4240 807 4323 (Ibid.
831 4263 864 4327 p.
891 4241 972 4323 7273
1004 4242 1094 4327 apud
1118 4241 1292 4307 Hardouin
1322 4265 1414 4308 conc.

287 4348 366 4403 tom.
392 4339 422 4420 6,
447 4351 531 4426 part.
556 4342 586 4421 2,
611 4363 643 4425 p.
662 4340 757 4403 1953.
795 4337 861 4403 cfr.
887 4339 987 4402 etiam
1002 4338 1208 4404 Assemani
1224 4341 1299 4407 Kal.
1317 4342 1355 4405 E.
1376 4340 1415 4407 U.

289 4447 368 4501 tom.
392 4438 423 4519 5,
447 4460 503 4524 pp.
529 4437 687 4523 32-33).

321 4587 341 4656 ¹)
361 4550 415 4640 (ist.
435 4551 641 4640 K—alendarii
660 4599 678 4643 t.
702 4602 733 4653 1.‚
752 4606 778 4654 p.
797 4590 860 4654 438.

719 4705 986 4722 -ΛΙΝΛΙΝΝΝΛΛΛΛΙ
