3725 5617
366 635 420 690 988
796 628 826 681 L.
846 626 895 683 VI.
934 627 1066 695 Parerga.

369 776 448 830 rebus
466 772 589 829 omnibus
607 772 675 840 egit,
694 771 729 825 ud
748 770 863 825 Illmum.
883 770 914 823 D.
929 769 1007 828 Ourd,
1021 768 1267 824 Aldobrandinum
1285 769 1407 825 derebus
1420 769 1471 822 b'sre

370 863 493 918 omnibns
511 861 618 916 abunde
636 860 740 915 retulit.

408 1081 433 1130 3.
463 1077 511 1129 Er
530 1077 575 1128 011.
596 1076 685 1128 literis
706 1074 802 1128 Patris
825 1072 1022 1126 Wcrszercicii
1039 1074 1079 1126 ud
1097 1074 1248 1127 Nuntium
1268 1075 1453 1143 Apostoiioea.

515 1199 623 1253 Literna
648 1198 730 1254 SSmi.
757 1198 864 1252 Domini
889 1197 996 1262 Nostri,
1021 1198 1196 1253 Seronissimi
1224 1200 1318 1269 regis,
1343 1199 1475 1253 1111010οἰ

376 1288 530 1343 Cardinalis
554 1287 750 1342 Aldobraudini
775 1293 804 1341 et
828 1286 932 1341 Illmae.
958 1286 1145 1342 Paternitatis
1170 1288 1205 1342 V.
1233 1304 1268 1342 00
1292 1289 1419 1353 aliorum,
1437 1303 1483 1354 ques

376 1393 480 1431 mecum
505 1377 638 1440 ferebam,
668 1376 755 1430 Illmo.
780 1375 895 1445 principi
914 1376 1032 1441 reddidi,
1061 1392 1129 1443 quas
1157 1392 1223 1431 cum
1249 1394 1356 1447 magns
1378 1377 1485 1447 signino

377 1468 452 1520 tione
471 1466 609 1520 amicitiae
627 1466 753 1533 suscepit,
772 1465 932 1533 praesertim
951 1465 1033 1520 sumi.
1051 1466 1083 1519 D.
1098 1466 1147 1534 N.;
1171 1482 1229 1520 nou
1249 1468 1325 1521 enim
1343 1481 1389 1520 eus
1405 1475 1486 1519 tantu

378 1555 515 1608 osculatus
533 1561 583 1618 est,
602 1555 649 1608 sed
667 1554 751 1609 etiem
770 1553 854 1621 capiti
872 1569 920 1607 eno
939 1554 968 1608 in
980 1554 1090 1624 siguum
1102 1554 1290 1624 subjectionis
1302 1559 1334 1610 et
1345 1554 1487 1610 obedimus

379 1643 515 1711 imposuit.
552 1644 709 1698 Invenimus
728 1643 805 1697 illum
822 1643 857 1697 ad
875 1643 1057 1698 obedientiam
1075 1644 1147 1698 Suae
1165 1645 1342 1699 sanctitatis
1359 1644 1433 1699 vaide
1447 1660 1488 1713 pc

380 1748 499 1800 pensum,
518 1732 571 1786 imo
590 1738 743 1799 promptum
762 1736 791 1786 ct
809 1739 935 1801 paratum
954 1733 988 1787 cd
1000 1732 1230 1788 introducendam
1250 1733 1489 1803 religionemcstbo

381 1821 468 1891 licam.
565 1820 661 1875 Voluit
683 1821 867 1889 jurisdictioni
892 1827 1002 1877 nostrae
1025 1821 1140 1877 subdere
1166 1821 1294 1878 Saxones
1319 1831 1352 1877 et
1373 1824 1490 1892 Huugnroe

382 1925 487 1977 omnes;
515 1911 562 1965 sed
581 1911 711 1975 diximus,
739 1928 793 1966 nou
812 1927 870 1966 ease
892 1910 920 1966 id
939 1912 1026 1965 nostri
1045 1911 1180 1979 muueris;
1210 1912 1374 1967 hierarchia
1396 1910 1490 1967 00010110
1530 1905 1534 1976 ζ

382 1999 453 2052 stica
471 2016 537 2066 opus
556 2015 614 2054 esse
633 2006 662 2053 et
680 2000 817 2068 parochis,
843 2001 890 2067 qni
907 2000 1030 2068 praesint
1048 2000 1176 2055 ecclesiis.
1216 2000 1403 2069 Quamobrem
1424 2001 1451 2055 de
1463 1999 1490 2053 bi
1532 1995 1534 2046 ἶ

383 2089 499 2143 maxime
517 2088 691 2143 laborandum
718 2090 779 2144 erit.
800 2130 848 2145 ...
875 2091 1004 2144 successu
1023 2105 1087 2144 vero
1105 2090 1241 2158 temporis
1268 2092 1391 2159 operarii
1408 2088 1491 2145 romu
1532 2153 1534 2164 Ι

384 2182 513 2244 poterunt
531 2180 615 2231 etiem
634 2194 682 2245 pro
694 2179 835 2244 Moldavis,
855 2195 936 2246 quum
950 2179 1035 2233 nostri
1055 2179 1099 2234 hio
1112 2180 1203 2234 sedem
1221 2180 1349 2245 fixerint,
1369 2180 1492 2234 utvidebn

386 2267 455 2320 velle
474 2266 576 2320 sslmus.
596 2267 727 2335 princeps.

452 2493 477 2540 1.
506 2490 553 2542 Eu
573 2490 646 2543 binis
666 2491 755 2544 1110110
775 2492 985 2544 Bartholoncuei
1004 2492 1092 2544 Bruti
1110 2492 1149 2544 ori
1169 2492 1294 2546 eundem
1312 2493 1447 2547 Nuntium
1532 2501 1534 2518 ²

847 2581 1049 2647 Apostolicorum

459 2741 465 2755 .
485 2742 491 2755 .
512 2744 518 2757 .
538 2703 590 2756 Per
608 2703 675 2757 bora
692 2703 763 2756 altro
782 2719 836 2757 non
854 2703 878 2757 oi
898 2703 1020 2771 bisogna,
1040 2704 1191 2758 solamente
1209 2704 1241 2758 la
1260 2704 1421 2759 sontissima
1431 2703 1495 2757 Boe

387 2791 491 2846 dicione
510 2792 537 2845 di
556 2792 611 2846 Sua
622 2792 799 2846 Beatitudinc
817 2798 846 2846 et
864 2793 989 2860 alquauti
1002 2792 1083 2848 Padri
1097 2793 1216 2853 Gesuiti.
1238 2794 1317 2847 accio
1336 2793 1455 2861 poasisuo
1469 2790 1497 2845 in

388 2896 488 2948 segnes
508 2881 533 2933 la
552 2880 611 2934 vito
629 2881 778 2935 christiana
802 2880 1014 2949 perfettamentc
1038 2899 1055 2935 a
1080 2882 1164 2949 quelli
1190 2882 1259 2936 novi
1285 2881 1429 2938 christiani
1449 2893 1498 2934 orer

389 2971 563 3034 reconciliati,
583 2971 601 3024 li
621 2971 694 3038 quali
713 2971 789 3024 siano
809 2972 935 3025 iustrutti
948 2971 1021 3026 nella
1039 2970 1135 3039 lingna
1147 2972 1313 3039 germanica
1331 2979 1362 3025 et
1380 2969 1498 3039 unguit&

389 3060 444 3113 esi
464 3060 549 3113 fossor
567 3061 648 3127 periti
672 3060 743 3114 uella
767 3061 862 3129 lingna
887 3061 1002 3128 greoba,
1027 3060 1129 3124 latina,
1155 3060 1203 3128 pib
1230 3061 1410 3128 appropositc
1427 3059 1498 3113 mnu

389 3164 437 3216 per
455 3149 619 3202 esaltazioue
643 3149 714 3203 della
738 3150 823 3202 Scuta
842 3150 908 3203 Sede
927 3149 1091 3217 Apostolioa.
1135 3149 1190 3202 Alii
1214 3149 1293 3215 quali
1320 3150 1404 3203 Pudri
1428 3143 1499 3215 iogb'

390 3238 537 3305 provedcro
563 3238 590 3291 di
610 3243 684 3291 tutte
704 3238 806 3292 lecese
826 3238 977 3292 necessarie
996 3243 1024 3292 et
1044 3236 1154 3292 l’l'llmo.
1175 3237 1308 3306 Principe
1333 3239 1389 3293 mio
1407 3237 1500 3307 &gnon

390 3325 426 3395 gl’
439 3330 586 3395 assegneric
605 3343 659 3380 nna
678 3327 747 3380 01110
766 3327 905 3380 nominata
918 3326 1026 3391 Cotuar,
1045 3326 1174 3393 populato
1192 3327 1227 3379 dn
1247 3327 1353 3381 Saxoni
1366 3337 1395 3382 et
1408 3324 1501 3394 ngar't

391 3432 439 3469 eon
459 3424 501 3470 tre
520 3416 666 3470 bellissime
687 3422 715 3469 01
734 3416 918 3470 antichissimo
938 3415 1033 3470 Chiese
1052 3414 1197 3477 catolichc,
1223 3415 1252 3470 le
1271 3416 1337 3483 qual
1366 3413 1501 3470 haunein

392 3511 479 3558 tratte
498 3505 581 3559 ferme
599 3507 653 3559 400
672 3522 687 3558 0
706 3507 759 3558 000
778 3506 870 3558 ducati
895 3521 909 3559 e
936 3503 1023 3558 buoue
1041 3503 1145 3558 0100010
1167 3519 1301 3572 appresso
1327 3505 1402 3559 della
1424 3504 1505 3559 Cbiesa

392 3595 542 3659 catedrale,
568 3595 696 3648 01100οτ0
720 3595 892 3663 approposito
910 3609 959 3661 per
977 3594 1046 3657 loro,
1071 3594 1189 3661 potendo
1210 3593 1255 3647 far
1272 3610 1310 3648 un
1329 3594 1502 3649 semine-rice(

393 3684 491 3737 educar
509 3684 549 3752 gli
568 3684 633 3738 fiolli
653 3684 679 3737 di
699 3684 788 3751 questi
807 3683 923 3738 00101101.
944 3729 950 3737 .
970 3723 976 3735 .
998 3727 1003 3738 .

466 3808 631 3876 (Theiner,
652 3823 676 3875 p.
696 3811 731 3872 ὁ.)
859 3809 900 3861 ba
917 3807 1000 3873 Jassi,
1019 3810 1037 3861 5
1055 3805 1184 3860 Settemb.
1205 3807 1288 3864 1087.

856 3931 1067 3985 Bartolomeo
1085 3929 1198 3994 Bruti,

641 4046 710 4099 gran
730 4030 858 4084 comerier
876 4031 903 4083 di
923 4029 1060 4083 bioldavia
1083 4044 1097 4082 e
1116 4027 1245 4095 capitano
1265 4029 1295 4084 di
1314 4030 1450 4098 Lapusna

469 4296 514 4311 ...
535 4255 579 4308 Gli
600 4253 693 4308 eretiei
713 4254 740 4307 di
752 4252 952 4316 Transilvanie,
971 4249 1045 4318 quali
1064 4250 1151 4317 doppo
1169 4249 1256 4304 haser
1275 4252 1378 4307 nociati
1390 4252 1430 4321 gli
1441 4246 1506 4305 Pudi

396 4345 498 4400 Jesuiti
512 4360 538 4398 ·e
556 4344 591 4397 dc
613 4360 656 4398 me
680 4342 819 4396 accettati.
918 4340 958 4393 La
982 4355 1054 4393 nova
1072 4339 1158 4407 rigua
1182 4338 1211 4393 di
1230 4339 1374 4395 bioldavia
1397 4341 1426 4395 fa
1442 4334 1506 4393 butri

398 4436 425 4489 iu
444 4433 557 4489 servitio
576 4432 647 4487 della
664 4433 748 4486 Sontc
766 4431 833 4485 Sede
851 4429 1014 4498 Apostolioa,
1034 4432 1063 4482 et
1080 4427 1122 4497 gli
1140 4427 1238 4493 Padri,
1258 4428 1336 4495 quali
1354 4428 1383 4482 al
1400 4433 1507 4497 presente

396 4541 469 4590 sono,
489 4539 542 4577 non
560 4537 625 4575 sono
643 4521 733 4576 ociosi.

469 4629 560 4696 ,Ibin
580 4646 604 4696 p.
626 4629 696 4692 177.)
859 4624 993 4678 Vamavio
1010 4622 1058 4704 0111
1078 4625 1095 4675 6
1113 4622 1138 4677 d.
1157 4620 1226 4676 Sett.
1246 4622 1330 4677 1590.
