3725 5617
688 664 725 717 De
744 664 945 715 continuatione
967 662 1117 717 Athanasii.

872 805 931 869 VI.

441 927 581 994 Subinde
607 928 818 993 Cardinalem
851 932 982 1014 rogavit
1006 931 1196 1014 episeopus:
1228 951 1329 1013 quum
1354 931 1465 997 tantis.

368 1042 398 1094 ut
416 1036 472 1119 ipsc
495 1035 640 1111 videret,
674 1035 889 1118 dynastarum
915 1036 1044 1120 injuriis
1069 1035 1175 1098 clerus
1199 1036 1305 1099 omnis
1329 1046 1466 1120 pateret,

369 1137 448 1202 vellet
467 1139 531 1205 Sua
556 1143 712 1227 hlajestas
739 1141 900 1206 Caesarea
924 1143 1067 1207 Unionis
1100 1143 1324 1205 defensionem
1348 1142 1465 1206 Excel-

367 1244 520 1311 lentissimo
536 1247 791 1312 Commendanti
817 1271 856 1313 ea
879 1250 985 1312 forma
1011 1251 1225 1326 committere,
1251 1262 1286 1311 ut
1310 1249 1465 1312 omnibus

369 1363 456 1433 posset
485 1369 654 1435 constare,
699 1355 923 1419 defensionem
969 1356 1054 1419 hanc
1092 1356 1167 1440 jure
1204 1357 1464 1440 necessitateque

369 1455 454 1521 eidem
483 1472 684 1545 competere,
716 1484 777 1524 neo
809 1462 904 1525 aliter
927 1484 1001 1524 eum
1035 1485 1119 1547 quae
1143 1474 1254 1545 ageret
1285 1486 1382 1548 quam
1416 1466 1462 1526 uti

367 1578 465 1643 ageret.
487 1569 593 1631 facere
619 1570 754 1652 posse¹).

643 1701 683 1763 Id
715 1703 869 1763 enimvero
891 1701 1042 1785 futurum
1077 1701 1271 1765 Athanasius
1303 1703 1397 1764 etiarn
1429 1703 1461 1763 in

574 1810 733 1892 responsis
759 1810 887 1892 succepit.

860 2003 936 2068 Vll.

439 2124 539 2204 Quum
581 2149 702 2211 pronas
737 2127 818 2190 adeo
862 2127 991 2213 sibique
1031 2128 1180 2191 faventes
1214 2129 1379 2191 inveniret
1411 2152 1462 2193 res

368 2246 456 2292 onnes
476 2232 698 2296 Valaehorum
725 2236 860 2296 antistes
891 2234 931 2297 ad
959 2236 1165 2318 septimam
1191 2236 1381 2318 petitionem
1408 2234 1461 2299 de·

368 2328 453 2415 lapsus
473 2339 552 2403 haec
579 2343 612 2404 in
638 2340 782 2403 aredium
809 2340 936 2404 attulit:
969 2357 1054 2419 esse,
1089 2341 1368 2426 quemadmodum
1388 2343 1460 2427 jam

368 2435 607 2510 Eminentissimo
639 2449 871 2531 scripsissetl),
908 2451 1189 2533 pernecessarium
1222 2450 1328 2526 factu,
1364 2460 1401 2512 ut
1433 2451 1459 2513 si

370 2541 478 2615 Unionis
492 2565 706 2637 augurentum
727 2578 766 2616 ae
784 2555 897 2617 liorem
915 2566 1043 2640 optaret
1058 2555 1321 2640 Angustissimum
1339 2553 1461 2619 Caesar

367 2650 393 2710 in
411 2676 448 2734 eo,
469 2660 555 2744 quod
581 2660 719 2723 daturus
743 2674 827 2723 esset
853 2662 1061 2747 lliplonrate,
1086 2662 1223 2725 alteram
1248 2674 1374 2746 partem
1399 2662 1457 2725 Re-

367 2761 467 2847 scripti,
500 2790 587 2830 anno
615 2769 716 2844 1698,
755 2772 804 2833 14.
830 2770 955 2854 Aprilis
979 2772 1171 2851 eruanati³l,
1210 2772 1248 2832 iis
1282 2768 1457 2834 verborum

369 2862 663 2955 interpretationibus
689 2876 922 2957 moderaretur,
950 2889 984 2940 ut
1011 2901 1049 2940 ue
1074 2888 1179 2955 tanta,
1205 2887 1362 2961 quantam
1387 2878 1457 2961 ipse

367 2989 509 3056 expressus
536 2983 608 3066 jam
635 2993 734 3058 esset,
770 2982 945 3047 haereticis
971 3007 1137 3048 vencnum
1168 2983 1288 3047 exinde
1317 2984 1455 3068 sugendi

368 3086 391 3136 tl
408 3082 432 3145 in
453 3090 630 3171 perniciem
650 3089 789 3153 Unionis.¹
806 3091 957 3154 vertendi
983 3104 1125 3176 potestas
1141 3110 1305 3161 maneret:
1332 3099 1458 3163 seilicet

368 3202 473 3255 nusum
487 3219 493 3255 ε

639 3319 702 3391 Qui
745 3345 783 3382 eor
823 3324 934 3385 lisdem
975 3328 1081 3410 praeci
1120 3329 1202 3390 ritas
1241 3332 1456 3394 sacerdotibus

569 3427 686 3488 ‹lictum-
714 3431 944 3512 professionem
974 3432 1035 3494 sibi
1058 3434 1248 3516 faciendum
1274 3462 1335 3500 uon
1362 3451 1455 3523 putu·

568 3536 647 3595 uerit
673 3534 719 3595 ecl
743 3537 837 3596 ertum,
862 3540 917 3598 torti
941 3562 979 3598 etc
996 3539 1072 3601 ullis
1096 3545 1228 3626 receptis
1251 3545 1456 3628 relipionihus

569 3664 599 3702 se
626 3643 759 3702 rcrri‘oerit
890 3646 1038 3726 pccrtdehit
1062 3646 1150 3709 iltius
1175 3650 1336 3732 relipiout's
1354 3654 1453 3736 priui-

568 3747 667 3828 leptis,
694 3749 737 3808 ad
760 3774 852 3831 quem
876 3775 907 3811 se
933 3752 1151 3817 declaraverit.

429 3873 534 3947 Quum
559 3873 648 3933 euim
682 3875 739 3934 uui
771 3897 813 3935 ex
838 3874 910 3938 aliis
935 3880 1075 3961 receptis
1100 3879 1314 3964 religionibus
1345 3885 1454 3946 euicui

364 3956 461 4037 lihitum
495 3988 596 4056 esset,
633 3979 802 4063 Itescripto
838 3984 884 4043 sie
917 3983 1108 4067 indulgente
1143 3985 1255 4050 liceret
1286 3989 1453 4068 ace-edere,

365 4086 411 4135 eae
431 4079 511 4146 hanc
535 4095 639 4148 artem
666 4087 940 4153 heterodoxorum
966 4091 1136 4165 subtilem,
1164 4106 1198 4157 ut
1222 4096 1315 4159 abusi
1343 4097 1453 4181 Diplo·

366 4191 425 4246 mate
453 4192 617 4254 neminem
643 4193 865 4258 Valachorum
899 4200 1095 4262 intentatum
1123 4201 1360 4286 relinquerent,
1397 4204 1453 4266 sed

365 4280 448 4352 obrias
471 4300 606 4380 quosvis
632 4302 662 4362 in
690 4324 748 4364 sua
772 4314 876 4365 (nistra
904 4320 1061 4369 vocarent
1093 4308 1143 4370 his
1170 4310 1345 4373 verborum
1369 4309 1453 4373 elen-

387 4497 400 4561 ¹l
417 4510 521 4571 Recole,
546 4531 613 4577 quae
638 4532 668 4563 ea
688 4519 720 4564 de
741 4534 766 4565 re
787 4519 949 4567 Athanasius
976 4523 1029 4584 jam
1050 4527 1190 4588 scripserat
1211 4526 1346 4573 Cardinali
1374 4540 1456 4588 snpra

386 4593 506 4718 'li'lrlhi⁴
523 4669 583 4707 221.
692 4656 714 4723 ³)
733 4661 787 4710 Cir.
806 4676 830 4723 p.
856 4674 911 4723 195.
