3725 5617
364 636 418 690 990
794 632 823 686 ir.
842 631 888 683 Vi.
929 630 1060 699 Parerga.

365 794 442 833 sacra
466 778 594 832 missione
623 774 817 845 peragraris).
864 773 992 827 Pervasit
1017 772 1113 827 deinde
1139 773 1168 826 in
1194 772 1322 827 Africam
1347 773 1488 840 mamque.

365 868 527 936 comparatis
546 872 628 920 autea
646 864 814 919 diversarum
833 862 959 932 gentium
977 862 1089 930 linguis,
1115 877 1234 928 quarum
1261 863 1371 930 aliquas
1394 863 1489 917 etiamsi

366 957 456 1012 studio
475 972 530 1010 uon
547 954 690 1009 hausisset.
710 969 792 1020 quum
810 952 960 1007 audiendae
979 956 1058 1005 erant
1073 951 1271 1016 confessiones,
1290 951 1425 1007 divinitus
1440 967 1490 1020 per·

366 1045 491 1100 callebat.
529 1044 615 1111 Quum
631 1043 688 1111 jam
707 1041 830 1106 Italiam,
855 1040 1024 1108 Hispaniam,
1051 1040 1234 1104 Pannoniam,
1259 1041 1402 1110 Illyricum
1419 1048 1490 1108 atque.

366 1135 435 1188 alias
454 1134 579 1202 regiones
598 1131 808 1199 percurrisset'),
834 1130 940 1197 accepit
965 1145 981 1181 a
1000 1127 1133 1198 Gregorio
1153 1129 1231 1183 XIII.
1255 1135 1424 1198 potestatem
1445 1147 1491 1182 are

366 1224 516 1292 piissimam
534 1220 693 1274 conciliandi
714 1236 773 1273 cum
792 1219 914 1273 Ecclesia
934 1219 1056 1272 Romana
1081 1219 1235 1273 haereticos
1264 1220 1491 1286 schismaticusque

368 1325 538 1379 quoscunque
557 1317 655 1377 posset.
700 1308 827 1377 Ejusdem
853 1309 937 1362 missu
962 1307 1103 1362 Pontificis
1127 1309 1198 1362 adiit
1227 1309 1490 1377 Constantinopolim

368 1402 402 1454 ad
420 1400 578 1454 recreandos
597 1396 807 1464 excolendusque
825 1397 853 1451 iu
873 1397 932 1465 ipsa
951 1396 1099 1451 'Parcarum
1125 1397 1205 1466 regia
1225 1397 1401 1452 Christianos
1426 1398 1492 1452 mise·

368 1506 426 1543 ram
451 1488 612 1542 servitutem
637 1487 795 1541 servientes.
840 1487 897 1552 Ibi,
922 1493 1031 1554 praeter
1056 1495 1185 1540 navatam
1212 1487 1364 1556 mancipiis
1389 1503 1491 1555 operam.

368 1592 481 1643 quorum
500 1575 636 1630 custodias
661 1575 737 1640 quasi
758 1576 784 1628 in
804 1575 932 1629 coenobia
952 1575 1064 1629 totidem
1090 1577 1185 1632 vertit.
1213 1576 1431 1642 institutumque
1453 1591 1492 1642 pro

368 1665 430 1719 aliis
443 1664 605 1718 Christianis
625 1671 783 1731 perpetuam
803 1664 963 1729 missionem,
982 1664 1153 1730 patriarchas
1164 1664 1351 1718 CPoiitanum
1370 1675 1399 1717 et
1411 1662 1492 1716 Antio·

368 1754 491 1818 chenum,
510 1753 631 1819 aliosque
650 1753 778 1806 tredecim
798 1753 962 1807 Graecorum
988 1752 1176 1820 metropolitas
1199 1754 1379 1807 auctoritate
1402 1751 1492 1820 adegit.

368 1849 401 1895 ut
419 1841 621 1898 subscriberent
639 1842 826 1910 chirographo,
852 1858 904 1909 quo
924 1841 1104 1895 obedientiam
1124 1842 1250 1894 Romarm
1270 1841 1403 1896 Pontifici
1427 1839 1491 1909 proi-

369 1930 506 1994 rebantur,
525 1930 746 1998 spondebantque
764 1947 793 1984 se
812 1932 899 1984 ituros
919 1931 970 1984 hac
989 1947 1043 1983 una
1063 1947 1144 1983 carrea
1158 1931 1284 1992 Romam,
1303 1939 1338 1983 ut
1352 1945 1490 1999 supremum

369 2019 506 2073 Ecclesiae
524 2025 607 2086 caput
625 2027 819 2088 agnoscerent,
846 2027 875 2074 et
893 2020 990 2087 pedum
1009 2019 1098 2073 osculo
1120 2028 1333 2074 venerarentur.
1373 2017 1490 2086 Byzantio

370 2108 508 2177 digressus
523 2107 662 2177 Algerium
677 2109 766 2175 petiit,
786 2115 815 2162 ct
832 2124 993 2175 quamquam
1013 2108 1098 2176 primo
1117 2115 1249 2176 exceptus
1269 2124 1286 2162 a
1305 2124 1376 2178 rege
1395 2109 1489 2162 duriter.

370 2205 462 2250 tamen
483 2197 587 2251 virtute
607 2197 738 2264 paulatim
759 2197 943 2264 modestiaque
962 2196 1096 2250 demeruit-
1121 2196 1197 2250 iilum
1218 2196 1281 2252 sihi.
1306 2198 1395 2253 donec
1412 2207 1489 2264 aperte

370 2285 528 2339 benevolum
548 2293 675 2353 expertus
695 2292 743 2340 est.
782 2285 870 2339 liiultu
889 2302 922 2340 ex
941 2302 991 2339 usu
1010 2285 1049 2339 rei
1068 2285 1236 2340 christianae
1255 2287 1379 2341 coniecit
1392 2284 1481 2354 ,ligurii

371 2375 471 2430 uruitos
490 2374 609 2428 fidelium
630 2391 646 2427 a
665 2375 829 2442 captivitate
849 2382 877 2428 et
895 2374 1012 2429 vinculis
1031 2375 1060 2428 in
1079 2374 1236 2428 libertatem
1255 2376 1421 2430 vindicavit.
1439 2375 1488 2427 i‘rw

366 2449 480 2531 'gressus
498 2465 594 2519 deinde
614 2465 641 2518 in
661 2465 762 2530 Asiam,
782 2481 860 2531 quam
880 2465 1010 2518 minorem
1023 2475 1129 2526 vocant,
1149 2463 1326 2518 Christianos
1345 2481 1430 2533 paene
1445 2479 1489 2516 tin·

370 2551 449 2606 nibus
468 2561 594 2606 aeternae
613 2553 688 2607 vitae
707 2553 849 2621 praesidiis
868 2554 1016 2607 destitutos
1041 2568 1178 2606 sacrarum
1203 2568 1255 2606 uma
1282 2553 1391 2608 refecit.
1432 2551 1489 2606 Hinc

371 2640 476 2694 demum
499 2659 547 2709 per
566 2642 753 2708 valachiam),
780 2642 951 2705 bioidaviam‚
971 2641 1119 2695 Poloniam.
1139 2640 1399 2710 Germaniamque)
1420 2641 1488 2696 rediit

372 2730 399 2783 in
418 2729 536 2795 Italiam,
556 2731 730 2797 arriseditque
748 2731 886 2799 Napoli⁵);
906 2730 951 2784 ubi
971 2746 1052 2797 quum
1071 2737 1161 2797 posset
1180 2737 1242 2798 post
1262 2739 1322 2786 tam
1343 2733 1437 2800 longas
1453 2745 1487 2798 pe

372 2819 573 2888 regrinatioues
597 2821 709 2874 bonesto
731 2819 786 2873 frui
812 2820 876 2884 otio,
900 2819 998 2873 maluit
1023 2819 1156 2886 reliquum
1181 2819 1259 2873 vitae
1284 2827 1395 2888 tempus
1417 2816 1487 2872 suiad

370 2909 551 2977 proximorum
578 2908 745 2977 impendere.
771 2915 819 2961 aut
845 2907 975 2962 habendis
998 2907 1180 2970 concionibus,
1206 2919 1258 2961 am>
1283 2907 1487 2963 contaminatus

371 2997 542 3065 excipiendis,
570 3015 639 3064 quae
667 2997 719 3050 duo
748 3013 796 3051 nec
825 2997 852 3050 in
880 3002 1020 3050 senectute
1048 3007 1169 3050 extrema
1197 3013 1319 3062 unquam
1343 2995 1487 3051 interrasit

370 3086 453 3139 Vitae
471 3092 527 3139 tam
547 3097 673 3141 actuosae
698 3087 842 3155 conjunxit
861 3086 1038 3140 liancinellus
1063 3086 1181 3153 quietem
1207 3086 1293 3139 aniuri
1315 3087 1364 3140 vix
1389 3084 1488 3141 credibi-

371 3175 438 3242 lem;
461 3174 641 3228 stabilitatem
664 3192 728 3229 vero
747 3176 846 3229 mentis
871 3176 898 3229 in
918 3176 1018 3228 orando
1037 3183 1156 3239 tantam,
1180 3175 1295 3252 utssere
1321 3191 1455 3243 ultraquam
1473 3187 1487 3224 s

405 3399 423 3463 ι)
446 3401 498 3447 i'ii.
518 3399 535 3447 l.
559 3412 588 3457 1.,
609 3415 648 3451 cc.
668 3411 746 3461 3-5.

402 3475 526 3541 'libid
547 3495 569 3525 c.
590 3480 614 3531 8.

403 3557 424 3627 ¹)
447 3559 590 3607 b'aiachiae
619 3560 741 3623 princeps
770 3570 825 3607 erat
854 3561 924 3608 l'etri
944 3560 1037 3608 Claudi
1068 3576 1098 3607 eu
1128 3561 1206 3607 fratre
1236 3575 1336 3622 nepos,
1366 3559 1487 3608 catholica

443 3640 523 3678 rriatre
544 3639 626 3694 uatus,
648 3647 726 3694 (quum
748 3632 781 3678 ab
801 3632 861 3679 aliis
880 3633 1029 3688 virtutibus,
1049 3643 1102 3679 tum
1123 3647 1137 3678 a
1156 3633 1254 3694 pietate
1274 3643 1300 3678 et
1311 3633 1487 3696 propensione.

441 3717 503 3762 erga
523 3703 617 3749 Seclcm
639 3702 822 3765 Apostolicam
843 3703 937 3754 clarus.
970 3705 1021 3758 iiia
1043 3703 1232 3750 llcmoriale
1253 3703 1360 3750 Nuntio
1378 3707 1486 3766 Apsum

443 3774 495 3820 lico
514 3773 632 3821 oblatum
653 3775 722 3837 apud
742 3774 865 3830 Theiuer,
885 3790 910 3837 p.
931 3781 983 3837 44¹·

402 3852 423 3916 ⁴)
446 3854 562 3901 Viennae
582 3854 707 3901 Austriae
735 3854 852 3916 ,aliquot
872 3853 1006 3901 mensibus
1025 3852 1165 3914 singularis
1194 3868 1254 3899 cum
1274 3854 1391 3916 exernpii
1417 3851 1487 3900 laude

443 3931 574 3971 versatus*
605 3924 732 3981 (Celles.
752 3940 777 3988 p.
802 3927 875 3988 101),
904 3925 1067 3972 admirandis
1085 3924 1165 3986 gestis
1193 3923 1251 3987 (pp.
1275 3933 1370 3985 rqu—
1388 3936 1432 3986 145
1466 3933 1486 3968 et

442 3995 573 4043 vaticiniis
598 3996 684 4043 clarus
706 3999 735 4046 P.
756 3997 843 4060 Julius
869 4004 972 4059 praeter
998 3996 1050 4044 alra
1069 4010 1083 4042 e
1102 4010 1164 4042 vero
1189 3995 1322 4057 praedixit
1349 3995 1446 4043 bellum
1465 3997 1486 4040 i.·.

443 4066 580 4126 Huugaria
599 4067 648 4114 sub
661 4068 809 4131 liudolpho
823 4070 859 4119 ii.
880 4067 1020 4115 Tureicum
1040 4066 1307 4132 (an.1593—tbob).
1328 4083 1420 4114 omnes
1438 4067 1486 4126 eja·

441 4138 467 4184 in
498 4146 753 4201 utramquepartem
782 4154 933 4199 successus,
962 4138 1066 4203 Jaurini
1086 4137 1253 4185 amissionem
1283 4143 1339 4190 ian.
1365 4137 1440 4202 130qu
1465 4147 1487 4182 et

442 4209 666 4271 recuperationem
695 4207 746 4274 (an.
771 4211 863 4274 1598),
892 4225 922 4257 ac
951 4224 1128 4257 successorem
1157 4209 1183 4255 iu
1212 4209 1327 4271 imperio
1356 4207 1486 4270 Rudnipbi

441 4282 468 4339 Π
492 4279 567 4341 1612)
592 4281 719 4328 biathiam
740 4284 776 4333 li.
798 4283 911 4329 saturum
938 4281 975 4345 (p.
996 4283 1067 4339 33q).
1086 4307 1121 4315 -
1151 4281 1184 4326 Et
1203 4280 1240 4327 ita
1260 4281 1371 4342 quidem
1391 4295 1486 4340 magua.

443 4366 509 4413 spirae
522 4351 599 4398 etiam
615 4352 640 4399 in
655 4353 764 4400 Austris
778 4354 810 4400 de
826 4354 911 4401 Patris
925 4352 1099 4399 sanctimonia
1112 4351 1320 4413 percrebruerat,
1341 4353 1411 4399 sama
1425 4351 1486 4399 haul

441 4437 531 4485 pamm
553 4422 634 4471 valuit
653 4425 685 4471 ad
706 4424 961 4472 commendationem
981 4423 1108 4486 principis
1129 4421 1296 4478 lioldaviae,
1318 4439 1410 4470 recens
1429 4437 1486 4469 cor·

441 4494 508 4541 versi
528 4494 620 4556 suique
641 4503 739 4543 tantum
761 4511 811 4542 non
827 4495 940 4552 clientis,
961 4503 1044 4542 tutum
1064 4495 1089 4542 in
1103 4494 1179 4541 terris
1193 4495 1346 4542 Aristriacis
1361 4507 1460 4556 recepit

441 4580 501 4612 mox
520 4566 670 4628 quaesituri.

401 4643 421 4708 ⁵)
440 4644 523 4694 ibid.
543 4643 561 4695 l.
584 4655 615 4707 1.,
635 4662 673 4694 cc.
694 4658 790 4706 9-12.
