3725 5617
508 649 575 696 Actu
595 645 644 696 sub
664 644 815 696 Athanasio
836 644 953 696 uouduur
973 643 1129 695 curun-nuno
1152 645 1335 696 riuis-1701.
1434 645 1487 697 2523

358 801 391 839 cu
414 791 444 840 12
465 786 575 850 llorirui
596 786 643 839 ier’
661 786 694 839 de
714 802 749 838 uu
765 802 798 837 va
812 786 895 853 gaudi

364 875 394 928 de
424 876 544 944 liirsiugu
581 891 609 929 se
642 875 675 928 lie
707 875 832 941 lepedotu
863 876 895 928 de

370 967 469 1030 lireotie.

406 1056 441 1107 15.
469 1054 536 1108 Care
558 1054 646 1106 orueni
665 1070 700 1106 uu
716 1070 781 1106 vorn
805 1056 896 1120 merge

375 1141 520 1196 diunineeile
542 1143 566 1195 si
585 1143 613 1195 in
632 1143 764 1196 seruatori
784 1143 811 1195 lo
830 1142 897 1194 oisc·

382 1232 436 1296 run,
452 1234 473 1285 si
491 1233 516 1285 lu
536 1233 663 1299 liturgie‚
689 1232 712 1284 si
732 1247 797 1284 voru
818 1232 837 1282 li
856 1247 898 1282 su·

385 1322 453 1372 uetosi
481 1337 527 1373 suu
563 1337 580 1372 a
604 1337 679 1383 cusu,
709 1337 755 1387 pre
780 1320 837 1372 unii
867 1322 898 1371 cu

385 1407 450 1460 ereis
466 1408 537 1477 pop‘u
556 1426 589 1461 eu
605 1408 719 1470 biriurlu
739 1409 761 1461 si
775 1424 807 1461 cu
823 1407 898 1471 jure·

390 1496 499 1559 11111ῑὶιί
517 1499 587 1552 se-lu
606 1497 802 1564 birslugniuscu
825 1495 897 1549 lilo-

392 1586 457 1646 riuu,
472 1589 501 1640 de
519 1603 555 1640 nu
576 1603 611 1639 va
630 1587 733 1640 renisi
753 1603 768 1637 u
787 1587 803 1638 2
823 1601 896 1646 oure,

393 1675 442 1727 selu
462 1676 652 1745 hirsiuguiasea
680 1675 826 1729 3llorinli.
864 1675 897 1727 Se

395 1777 421 1814 nu
435 1780 460 1815 ru
476 1768 533 1819 reni
553 1766 576 1818 si
596 1781 613 1816 a
631 1767 647 1815 3
666 1780 737 1827 oaru,
758 1764 849 1816 utunci
870 1778 899 1816 se

396 1851 539 1920 lielepodatu
568 1854 630 1906 dela
649 1853 763 1906 bisericu
787 1856 817 1906 cri
843 1869 899 1906 unu

397 1953 483 2006 meno,
500 1947 562 1996 citu
582 1943 636 1995 uici
657 1943 682 1994 la
695 1952 781 1996 morte
800 1943 852 1995 uici
873 1942 900 1994 le

399 2027 572 2098 iugrolratiiruou
604 2032 662 2084 loru
695 2031 770 2099 pop'u
800 2048 828 2084 se
863 2048 899 2084 nu

398 2116 485 2188 nisrgu
512 2122 626 2189 esijdere
652 2121 673 2172 si
700 2121 764 2173 cerii
791 2136 828 2172 nu
854 2120 899 2173 iuu

399 2205 472 2262 udum.
488 2212 509 2262 si
527 2210 594 2264 corii
607 2226 644 2262 uu
658 2226 686 2262 se
701 2210 899 2276 ispoveduescu.

398 2292 415 2342 si
428 2297 476 2350 serii
486 2316 519 2351 nu
533 2315 599 2352 reru
615 2301 655 2364 'sci
673 2299 783 2352 Tuto-lu
796 2305 899 2352 nostru.

399 2382 497 2440 l'redeulu
513 2388 657 2455 ponurcile.
678 2391 711 2440 lie
724 2388 847 2449 betruuu
868 2389 900 2440 lie

400 2476 473 2538 tereus,
489 2478 543 2530 anio
562 2494 591 2530 se
611 2478 687 2544 patio
706 2478 728 2530 si
749 2477 839 2530 ucei's.

426 2563 453 2615 li.
483 2566 551 2619 Curii
581 2566 642 2634 popl
671 2577 755 2618 suuni
780 2583 813 2619 cu
841 2583 858 2617 a
883 2569 899 2619 2

398 2657 510 2718 clutorio,
538 2655 592 2708 uici
617 2654 736 2707 iulr'unn
766 2655 845 2723 chipu
873 2672 901 2708 se

397 2749 422 2788 uu
435 2740 545 2809 slujsisea
558 2743 701 2810 Litnrgie;
723 2744 769 2797 iur'
788 2761 816 2798 se
835 2744 901 2798 s’are

397 2830 438 2890 lusi
457 2847 524 2886 sese
550 2832 647 2885 tuudiu
674 2833 705 2884 de
732 2841 791 2886 totu
816 2849 845 2885 se
869 2835 902 2885 lie

397 2915 480 2975 uninu

419 3010 450 3059 11.
475 3016 539 3065 l'ure
568 3026 637 3078 pope
666 3027 701 3063 re
730 3011 823 3064 botezu
853 3010 901 3063 1111ἓ

390 3093 414 3146 *le
427 3099 499 3161 niun
525 3117 553 3153 se
572 3116 601 3153 se
620 3099 732 3166 lipsesce
752 3101 783 3152 de
802 3101 900 3166 protis.

415 3189 446 3240 18.
472 3188 634 3243 Serbalorile
659 3205 687 3241 sc
716 3206 744 3242 so
774 3190 812 3243 tie
842 3206 902 3242 cure

383 3289 433 3329 suut
468 3279 615 3331 insemuute
655 3279 680 3329 lo
709 3279 838 3331 Ceuslovn
870 3295 902 3331 cu

379 3366 439 3420 slore
459 3367 533 3421 rosii:
553 3368 576 3420 si
595 3383 631 3420 au
649 3366 760 3433 polilcu,
780 3368 802 3419 si
822 3383 903 3419 evan·

375 3456 447 3523 cclii.
473 3454 568 3508 eceli-a
596 3470 624 3507 se
643 3471 671 3508 se
696 3455 748 3519 tie,
775 3454 822 3508 ier*
841 3472 902 3509 care

373 3561 431 3599 roru
465 3546 522 3599 tine
553 3543 670 3598 introitu
700 3544 792 3611 clripu,
822 3560 849 3597 se
875 3561 903 3597 se

369 3635 562 3703 birsiuguiesca
580 3650 613 3686 cu
636 3637 667 3687 12
686 3634 795 3687 floriuti.

406 3729 443 3779 19.
484 3724 553 3776 l'are
574 3724 717 3790 l'rotopopi
749 3740 815 3776 voru
845 3724 904 3776 face

362 3815 467 3870 sonora
492 3812 525 3864 de
543 3812 681 3879 epurclrie.
708 3814 731 3865 si
750 3830 811 3866 curo
836 3829 904 3880 pope

362 3920 397 3958 nu
419 3919 455 3954 ra
471 3902 532 3954 reni
552 3902 578 3954 la
593 3901 700 3964 Soboru‚
723 3902 904 3969 l'rotopopuln

356 4011 392 4046 cu
419 3993 462 4046 cei
482 3992 526 4044 dui
556 3992 617 4058 pupi
637 3992 744 4044 bettoni
770 3992 792 4043 si
813 4007 845 4043 cu
864 4007 904 4043 so-

359 4082 460 4136 borulu
480 4082 530 4133 sse-i
552 4080 747 4148 uir-siuguiosca
765 4080 783 4131 6
803 4080 903 4132 lloriuti

359 4172 412 4225 l'rir'
444 4170 536 4223 nuuuri
566 4168 652 4221 eiudu
680 4169 746 4222 s'urc
775 4169 905 4236 iuterupld

357 4279 388 4315 sc
409 4265 445 4314 lie
468 4260 568 4325 detegi.

951 788 1036 852 reuis;
1056 788 1079 839 si
1094 803 1156 840 vero
1175 786 1244 839 hunc
1257 787 1384 840 uurlcluur
1398 787 1486 854 parri·

951 874 1055 939 feeerit,
1075 875 1201 943 ejiciatur
1219 878 1252 929 de
1271 877 1429 931 sacerdotio.

992 1056 1030 1106 15.
1071 1054 1198 1106 Homines
1235 1054 1293 1107 suui
1332 1053 1402 1107 dorni
1434 1054 1489 1107 exi·

952 1151 1069 1206 suentes,
1099 1143 1144 1207 qui
1172 1141 1265 1195 «liebus
1293 1142 1432 1195 dominicis
1461 1153 1489 1194 et

953 1232 1031 1285 festis
1057 1248 1109 1284 uun
1135 1231 1214 1284 ibunt
1242 1231 1275 1283 ad
1303 1231 1434 1298 templum
1461 1242 1490 1285 et

954 1322 1107 1388 liturgiam,
1134 1337 1178 1374 cos
1196 1320 1348 1373 sacerdotes
1367 1337 1427 1374 cunr
1447 1322 1489 1388 ju·

953 1410 1011 1463 dice
1030 1416 1058 1463 ct
1070 1410 1171 1477 juratis
1184 1410 1268 1476 primo
1282 1411 1395 1463 mulctet
1407 1426 1490 1462 unuur

953 1501 1008 1553 lior.
1035 1509 1077 1558 et.
1103 1500 1126 1552 si
1151 1500 1266 1553 secundo
1291 1514 1343 1552 uon
1365 1499 1490 1552 reueriuu

953 1590 987 1643 od
1007 1589 1143 1656 templum,
1164 1596 1228 1664 tunc
1247 1594 1302 1641 tres
1321 1588 1434 1642 florenos
1454 1596 1490 1651 et,

954 1679 977 1731 si
997 1680 1080 1731 tertio
1099 1695 1152 1731 non
1165 1677 1292 1730 reueriut
1306 1679 1339 1730 ud
1353 1678 1490 1745 ternplum,

956 1776 1020 1821 tuuc
1046 1768 1191 1835 ejiciantur
1222 1766 1255 1819 ab
1283 1767 1403 1820 Ecclesia
1432 1773 1490 1820 ten·

955 1875 1034 1924 qrruur
1066 1857 1180 1920 ethuici,
1207 1858 1254 1935 ‘ite
1277 1865 1308 1909 ut
1336 1874 1384 1911 nec
1410 1858 1491 1909 funus

955 1963 1045 2000 eorunr
1059 1946 1201 2000 comitetur
1213 1946 1347 2002 sacerdos:
1366 1946 1492 1999 simililer

955 2037 999 2102 oiri
1026 2053 1076 2089 uon
1103 2035 1267 2088 confitentur
1292 2041 1320 2088 et
1344 2051 1398 2088 uon
1424 2051 1491 2088 corn·

956 2126 1104 2180 runnicuut.
1123 2137 1151 2178 et
1170 2125 1215 2191 qui
1236 2140 1289 2178 uon
1305 2122 1396 2176 sciunt
1409 2123 1492 2176 Pater

955 2214 1053 2267 Noster
1068 2226 1097 2266 et,
1110 2215 1195 2267 Credo
1210 2220 1238 2267 et
1250 2212 1414 2280 decalogum,
1434 2211 1492 2264 sive

955 2319 1050 2356 senex.
1077 2303 1134 2355 sire
1156 2302 1278 2368 jru'euis,
1305 2301 1492 2354 eodemmodo

956 2394 1112 2460 puniantur.

993 2571 1034 2623 16.
1081 2569 1236 2621 sacerdotes
1281 2568 1381 2634 bigami
1420 2568 1493 2621 nullo

956 2660 1032 2711 ruodo
1058 2658 1193 2711 celebrent
1220 2658 1376 2724 liturgicum
1405 2658 1427 2711 si
1448 2675 1493 2710 uu-

958 2758 1011 2800 teru
1038 2747 1195 2814 deprehensi
1223 2746 1339 2808 fuerint,
1366 2748 1495 2800 tondean-

957 2845 1015 2898 tur,
1042 2844 1069 2889 et
1090 2836 1214 2888 totaliter
1239 2836 1384 2889 trarloutur
1409 2837 1494 2889 statui

957 2926 1097 2978 saeculari.

995 3015 1035 3067 17.
1061 3014 1202 3076 Sacerdos,
1232 3015 1277 3080 qui
1298 3013 1448 3080 baptizabit
1468 3023 1496 3067 et

957 3120 1009 3157 uon
1024 3103 1188 3162 chrisrnubit.
1203 3103 1327 3168 privetur
1336 3102 1495 3158 sacerdotio.

997 3194 1035 3245 18.
1063 3194 1144 3245 Festa
1165 3198 1321 3250 teneantur.
1345 3206 1413 3255 quem
1432 3201 1497 3243 suun

959 3284 985 3335 iu
1006 3282 1153 3346 Horologiu
1173 3288 1269 3333 notato
1288 3279 1374 3332 rubris
1395 3280 1496 3333 litteris

959 3379 987 3424 et
1017 3370 1117 3424 linirent
1143 3368 1286 3434 Polyeleon
1317 3377 1344 3420 cl
1373 3370 1496 3436 Evange-

958 3460 1064 3527 liurn¹):
1085 3460 1132 3512 illu
1151 3458 1340 3522 obsce-ventum
1367 3458 1412 3522 qui
1432 3474 1496 3511 vcro

959 3549 1038 3602 aliun·
1057 3547 1203 3610 tcuebunt,
1224 3549 1257 3599 12
1276 3546 1302 3599 ll.
1323 3545 1495 3602 mulctentur.

998 3730 1035 3778 19.
1072 3725 1213 3788 Sacerdos,
1242 3724 1287 3790 qui
1316 3725 1497 3777 determinato

960 3816 1001 3868 dic
1022 3814 1054 3866 ub
1075 3814 1262 3866 archidiacono
1282 3829 1329 3879 pro
1348 3829 1496 3881 cougrega-

960 3906 1033 3956 tioue
1059 3902 1222 3955 districtueli
1249 3905 1282 3955 ad
1308 3903 1496 3970 congregatio·

960 4011 1019 4047 ueru
1044 4010 1096 4045 non
1116 3993 1310 4058 corruuurrerit,
1335 3992 1497 4046 archidiaco-

960 4099 1010 4136 nus
1034 4098 1093 4135 curu
1118 4082 1219 4133 duolnrs
1239 4082 1387 4134 seuiorilrus
1411 4098 1495 4135 secer·

960 4172 1066 4225 dotibus
1093 4179 1120 4223 et
1140 4187 1199 4223 curn
1219 4171 1431 4238 congregalioue
1450 4187 1497 4224 sex

960 4262 1119 4315 florenorum
1149 4261 1277 4312 uurlctarn
1304 4259 1337 4311 ub
1363 4276 1393 4313 eo
1422 4260 1497 4312 desu-

961 4361 1023 4406 mat.
1044 4349 1097 4401 uisi
1116 4348 1171 4400 fors
1191 4348 1313 4401 infirmus
1332 4349 1424 4403 luerit..

392 4515 413 4576 ¹)
437 4515 653 4576 Dellorologio.
678 4516 802 4578 Polyeleo
821 4525 846 4564 et
858 4516 1004 4578 Evangelio
1026 4518 1112 4566 recole
1133 4533 1199 4581 quae
1220 4520 1245 4565 in
1267 4526 1378 4579 utroque
1392 4516 1496 4564 Kaleu·

435 4586 507 4633 darii
534 4596 605 4634 toruo
631 4588 781 4635 dictasunt
807 4587 872 4635 locis
898 4590 946 4635 ¹suli
973 4589 1065 4636 iisdem
1086 4590 1196 4637 vocibus
1221 4591 1247 4637 in
1268 4588 1385 4651 generali
1412 4603 1497 4635 rerum

436 4657 529 4705 rudice
550 4658 673 4706 indicatis
693 4673 736 4721 pp,
759 4671 819 4722 744.
840 4671 899 4720 752,
920 4662 979 4723 784.
