3725 5617
365 618 419 673 674
538 617 568 670 L.
587 617 638 670 ΙΙΙ.
675 616 716 670 Ile
734 616 849 669 historia
866 615 994 670 ecclesiae
1012 615 1194 669 Rumenortnn
1213 615 1318 669 unitae.

439 760 541 814 XVIII.
572 759 686 824 Debita,
712 774 782 825 quae
800 765 921 826 tempore
940 757 1068 811 caristiso
1085 758 1233 825 prementis
1258 763 1412 811 contractu
1430 763 1507 821 snut,

367 850 489 905 omnibus
508 850 609 904 colonis
627 849 685 902 sine
703 847 857 901 discrimine
877 847 1034 900 relaxentur
1053 854 1081 899 et
1101 846 1293 900 condonentur.
1315 884 1367 900 ...

379 997 382 1003 .
438 957 514 1013 ΧΙΧ.
547 955 680 1024 Cognatis
698 955 764 1009 meis
783 953 946 1022 pauperibus
964 954 1060 1007 tenuia
1078 953 1205 1019 subsidia,
1225 952 1253 1005 iu
1272 957 1416 1019 qnantum
1437 953 1506 1007 chri·

367 1047 459 1100 stisna
477 1046 578 1101 caritas
596 1043 730 1113 praecipit
748 1049 777 1097 et
796 1058 928 1097 canonum
947 1043 1102 1097 reverentia
1120 1042 1232 1109 patitur,
1248 1042 1308 1109 jam
1328 1041 1405 1097 dedi.

437 1150 611 1205 letsialvue
629 1152 673 1207 28.
692 1149 816 1204 Octobris
838 1149 915 1204 1828.

879 1258 980 1326 Eppus.
999 1258 1018 1312 J
1023 1273 1144 1311 oannes
1162 1255 1251 1310 Babb
1270 1272 1306 1311 m.
1327 1256 1392 1326 p.¹).

824 1400 877 1465 (Ex
895 1399 1037 1468 codicillo)

439 1505 515 1573 Quod
532 1511 640 1573 spectat
658 1506 855 1574 susceptionem
870 1505 1002 1573 jnvenum
1021 1505 1189 1559 studentium
1217 1504 1250 1557 ud
1269 1509 1384 1558 nostras
1404 1503 1503 1560 funda·

368 1594 471 1660 tiones,
499 1594 569 1649 benc
586 1594 645 1648 fieri
665 1595 788 1648 volumus
813 1610 861 1662 per
879 1594 965 1648 solum
990 1595 1140 1661 praesulem
1165 1609 1346 1648 successorem
1364 1601 1502 1657 nostrum,

368 1684 415 1750 qui
446 1688 538 1737 minen
562 1683 706 1738 maximam
731 1683 864 1738 rationem
889 1682 1000 1737 babebit
1029 1682 1144 1736 filiorum
1168 1682 1354 1745 sacerdotum,
1387 1691 1502 1751 excepto

369 1772 504 1826 Convictus
521 1771 652 1826 nobilium
671 1772 846 1840 Claudiopoli,
865 1772 899 1825 ad
917 1787 996 1839 quern
1015 1771 1214 1839 praeclarorum
1233 1771 1356 1825 vironrm
1376 1771 1500 1826 nationis

368 1866 479 1914 nostrae
502 1860 572 1915 filios
592 1860 723 1929 applicari
741 1861 876 1928 cupimus,
904 1866 937 1914 nt
955 1862 1088 1927 qnondam
1107 1861 1196 1914 decori
1214 1860 1274 1914 sint
1297 1860 1421 1915 miserae
1438 1861 1501 1915 huic

367 1964 495 2003 romanae
512 1950 606 2005 soboli.

440 2048 614 2103 letsialvse
633 2050 675 2103 15.
695 2048 819 2105 Decemb.
839 2049 917 2103 1828.

442 2253 508 2308 Post
540 2253 607 2307 baec
634 2254 741 2321 adaque
773 2254 890 2322 plurima
924 2254 1067 2309 benefacta
1094 2253 1242 2321 Episcopus
1269 2251 1394 2307 Joannes
1423 2252 1497 2307 Bebb

370 2342 480 2396 tandem
499 2348 591 2397 aetate
609 2343 766 2409 meritisque
784 2343 892 2411 gravis,
916 2348 978 2410 post
996 2347 1091 2396 sancta
1109 2341 1196 2395 libata
1214 2341 1357 2407 mysteria,
1378 2341 1496 2395 enimam

369 2431 502 2485 conditori
526 2431 644 2485 reddidit
669 2431 712 2486 die
731 2433 755 2485 2.
775 2430 898 2485 Octobris
923 2447 994 2486 anno
1013 2431 1108 2485 salutis
1129 2430 1211 2495 1830,
1241 2429 1343 2483 aetatis
1361 2430 1415 2494 91,
1444 2430 1497 2498 epi·

367 2524 494 2588 scopatus
512 2520 555 2574 47.

883 2803 914 2892 §-
939 2804 969 2872 a.

529 2930 567 2993 lic
586 2931 759 2993 incremento
778 2931 962 3005 aplscopslus
981 2931 1080 3004 legno
1094 2929 1330 2992 -vsmousmls

442 3090 572 3158 Episcopo
585 3090 697 3158 ignatio
709 3091 867 3143 Darabanth
887 3091 946 3143 vite
964 3090 1057 3144 functo
1075 3108 1118 3146 an.
1133 3092 1202 3144 1805
1221 3091 1351 3144 successit
1363 3091 1497 3146 Samuel

368 3177 531 3241 Volesum,
560 3178 755 3246 episcopalibus
783 3179 917 3233 laboribus
945 3180 989 3247 pie
1019 3186 1165 3246 sancteque
1192 3180 1352 3233 immortuus
1382 3188 1412 3235 et
1440 3182 1497 3249 ipse

370 3282 441 3319 anno
463 3267 538 3322 1839.
576 3268 642 3336 Ejus
667 3269 798 3335 imprimis
816 3269 962 3334 apostolico
981 3269 1040 3321 zelo
1059 3268 1161 3322 factum
1180 3274 1235 3333 ost,
1260 3274 1291 3321 ut
1317 3284 1332 3322 e
1351 3271 1498 3325 ruderibus

369 3354 521 3408 schismatis
540 3363 645 3410 erectus
664 3357 834 3426 episcopatus
852 3359 944 3426 graeci
963 3359 1032 3411 ritus
1057 3358 1248 3411 catholicorum
1267 3358 1498 3426 Magno-Vtradi·

369 3444 475 3510 nensis,
504 3444 531 3498 in
556 3461 604 3500 suo
627 3446 736 3499 exordio
762 3447 848 3500 tribus
874 3453 982 3500 tantum
1006 3447 1139 3514 parochiis
1164 3455 1303 3511 constans,
1332 3456 1444 3504 centum
1469 3456 1499 3504 et

369 3532 443 3586 ultra
471 3535 650 3602 possessiones
676 3536 704 3589 iu
723 3536 811 3590 sinum
829 3542 940 3589 sanctae
959 3537 1055 3589 blattis
1074 3536 1209 3589 Ecclesiae
1238 3537 1385 3604 receperit,
1415 3549 1499 3606 atque

369 3637 429 3675 cum
449 3622 561 3691 adjectis
580 3627 662 3690 (anno
683 3627 762 3694 1824)
783 3626 816 3679 72
835 3626 968 3692 parochiis
988 3625 1140 3679 cllioccesi
1153 3626 1352 3679 llnnlriscsiensi
1373 3628 1499 3683 dismem-

369 3710 457 3765 bratis
484 3712 535 3766 119
554 3714 708 3781 parochias.
736 3715 891 3767 douratias
911 3715 1007 3767 locales
1033 3720 1061 3767 ct
1086 3715 1159 3767 ultra
1182 3717 1235 3768 100
1254 3714 1363 3780 filiales,
1395 3718 1498 3783 peril

370 3800 536 3866 Comitatus,
564 3819 581 3854 a
599 3803 720 3856 Samusio
748 3818 833 3869 usque
858 3804 890 3856 ad
910 3803 1077 3867 Danubium,
1106 3811 1232 3868 extensa,
1263 3805 1378 3868 122000
1404 3807 1500 3874 graeci

369 3890 440 3942 ritus
460 3889 529 3942 cat-h.
556 3891 659 3944 ambitu
684 3908 732 3944 suo
757 3891 992 3958 complecteretur;
1024 3909 1037 3946 e
1064 3893 1159 3959 utribus
1177 3893 1326 3947 Banaticae
1350 3894 1500 3960 parochiae

371 3984 462 4031 tamen
482 3986 653 4035 neo-erectae
672 3981 791 4035 Dioecesi
812 3982 972 4049 Lugosicusi
998 3998 1087 4035 cessae
1106 3989 1170 4036 sunt
1189 3998 1258 4034 antro
1279 3983 1355 4035 1855.
1385 4012 1420 4021 -
1446 3983 1500 4038 Sed

370 4065 456 4119 videri
488 4082 521 4120 ca
552 4068 584 4122 de
610 4085 638 4122 rc
663 4074 753 4137 potest
780 4070 895 4123 Brevis
926 4071 1070 4124 historia
1103 4069 1500 4138 ejusdem-episcopatus,

369 4170 395 4221 p.
415 4157 459 4218 57,
474 4155 540 4224 jcto.
560 4158 794 4212 Schematisnio
813 4159 877 4212 unni
899 4160 975 4222 1881,
995 4176 1019 4227 p.
1041 4164 1064 4212 b’.

403 4353 423 4419 ι)
443 4357 525 4419 Apud
546 4357 693 4421 Cipariu,
713 4374 756 4421 op.
776 4358 821 4406 cit.
841 4374 885 4421 pp.
905 4370 939 4417 32
959 4374 1034 4422 seqq.
