3725 5617
363 636 416 686 992
793 628 824 685 L.
843 627 891 680 Vl.
929 628 1059 695 Porerga.

365 775 480 829 eundern
504 789 614 828 recursu
633 773 706 828 facto
733 778 828 827 votum
850 770 1024 838 conciperent
1049 768 1183 824 visitandi
1201 769 1352 837 templum.
1377 771 1485 839 qnodin

365 864 491 933 ingressu
510 862 658 917 Vslachiae
681 878 736 915 non
760 860 851 928 procul
876 859 940 913 hinc
964 864 1133 913 exstructum
1156 860 1370 927 peregrinorum
1393 861 1485 930 pietate

367 958 396 1009 ct
425 951 581 1019 frequentia
610 950 778 1006 efflorescere
806 949 953 1017 inciperet:
987 947 1113 1016 protinus
1146 947 1183 1001 ab
1207 948 1338 1003 omnibns
1364 951 1486 1019 extemplo

367 1043 470 1098 factum
488 1041 632 1110 prostratis
660 1040 688 1093 iu
707 1046 772 1093 actu
789 1038 1015 1093 submississimae
1035 1037 1212 1092 adorationis.
1253 1039 1324 1093 ane
1343 1047 1434 1094 autem
1449 1041 1489 1093 mi·

367 1148 427 1186 rum
445 1130 533 1186 dictu!
552 1128 631 1184 navis
649 1128 773 1196 seipsam,
793 1127 900 1182 nemine
918 1142 1028 1180 manum
1041 1133 1069 1180 ct
1083 1126 1196 1180 brachia
1207 1128 1410 1186 commodante.
1426 1128 1489 1183 leret

370 1237 402 1274 ac
420 1225 518 1287 sponte
535 1233 585 1272 sua
603 1224 735 1271 movetur.
774 1217 851 1271 Unde
870 1215 1016 1283 resumptis
1035 1215 1140 1270 animia.
1167 1223 1239 1283 arte,
1267 1233 1301 1270 ac
1318 1217 1491 1286 gubernaculo

369 1308 499 1371 temonis,
524 1305 650 1373 expansis
675 1306 755 1370 velia,
781 1305 955 1372 desperatum
977 1304 1061 1372 prins.
1089 1311 1118 1359 et
1141 1305 1308 1361 facillimum
1329 1307 1446 1361 habuere
1467 1308 1490 1360 in

370 1398 469 1452 flumen
487 1396 648 1463 ingressum.
686 1394 867 1448 Exseensioue
886 1394 962 1448 facta
981 1393 1134 1448 liberarunt
1152 1410 1182 1448 se
1201 1403 1279 1454 voto,
1304 1403 1335 1450 et
1355 1397 1492 1450 aediculam

370 1486 446 1539 illam
463 1487 538 1539 inter
555 1484 639 1537 densa
657 1483 787 1536 silvarum
806 1482 959 1551 magnificis
984 1483 1061 1537 donis
1081 1483 1293 1551 locupletavere
1334 1485 1388 1539 llic
1404 1485 1492 1539 musei·

370 1573 447 1628 entia
463 1572 594 1641 optimum
620 1571 730 1625 Putrem
753 1571 858 1626 Julium
876 1571 1045 1637 aliquantum
1071 1572 1248 1626 rememordit
1269 1589 1299 1627 se
1320 1573 1397 1628 intus
1421 1574 1492 1627 tacite

372 1668 551 1723 accusantem,
570 1659 640 1726 qnod
658 1661 686 1713 in
706 1660 838 1713 communi
858 1660 976 1714 omnium
995 1667 1100 1715 terrore
1118 1661 1177 1728 ipse
1194 1662 1272 1716 solus
1291 1679 1348 1716 nun
1362 1664 1492 1718 timuis-et.

371 1752 418 1805 sed
443 1750 533 1804 auimo
555 1757 584 1804 et
608 1764 717 1817 corpore
741 1749 890 1817 tranquillo
914 1750 1086 1804 Breviarium
1110 1758 1139 1803 et
1163 1751 1245 1804 horas
1269 1761 1417 1806 consuetas
1440 1753 1493 1807 reti·

373 1845 470 1893 tasset:
489 1846 620 1900 metuens,
639 1854 673 1892 ne
692 1838 784 1892 forsan
803 1838 869 1893 haec
888 1854 938 1892 sua
957 1837 1056 1891 inisset
1073 1845 1102 1892 et
1120 1839 1251 1906 superbia
1270 1849 1300 1894 et
1320 1843 1491 1911 praesumptio

373 1929 491 1993 occulta3
510 1928 581 1982 nude
600 1944 688 1981 coram
707 1927 840 1982 tribunali
859 1927 953 1981 divino
972 1943 1008 1993 se,
1028 1935 1159 1993 quantum
1178 1928 1282 1994 pot-uit7
1302 1945 1381 1984 reum
1402 1932 1490 1999 pererit

374 2021 481 2070 veniam
500 2016 618 2070 omnium
637 2032 746 2070 suarum
766 2032 867 2085 rogans
885 2016 1034 2083 culparum.

447 2214 491 2267 De
519 2213 773 2266 commoratione
804 2212 918 2265 Patris
942 2212 1029 2266 Julii
1058 2212 1139 2279 apud
1170 2212 1362 2281 principem
1391 2215 1490 2268 Molle·

376 2302 456 2357 viae.
477 2332 511 2341 -
530 2302 652 2355 Intravit
670 2301 699 2355 in
718 2301 789 2355 ostio
809 2300 941 2364 Danubii,
967 2308 994 2354 et
1013 2301 1145 2369 navigato
1164 2319 1196 2354 eo
1215 2301 1331 2356 llumine
1351 2305 1452 2372 trajecit
1469 2305 1488 2354 in

375 2391 603 2449 Volcentem...
624 2392 656 2444 ln
675 2392 789 2444 civitate
802 2390 951 2456 lassorum,
970 2391 1124 2458 provinciae
1142 2392 1287 2459 metropoli
1307 2402 1335 2446 et
1358 2394 1431 2446 duris
1446 2393 1490 2446 siae

377 2480 516 2534 Voirodae
535 2480 626 2547 regia,
646 2485 784 2533 statuerat
803 2479 909 2546 operari
929 2479 1012 2532 sacris
1032 2480 1059 2532 in
1080 2480 1179 2546 templo
1198 2480 1289 2534 latino
1308 2499 1326 2534 a
1344 2481 1491 2535 Lntheranis

376 2576 521 2637 usurpato,
549 2575 578 2621 et
596 2574 739 2635 propterea
758 2568 865 2620 vexillis
884 2576 912 2620 et
931 2569 1014 2621 armis
1032 2567 1198 2623 militaribus
1223 2571 1305 2636 pleno
1327 2571 1356 2625 in
1378 2573 1453 2625 ntrrris
1468 2582 1488 2622 et

377 2658 533 2727 pavimento
556 2656 696 2725 expressis.
735 2656 766 2709 ln
792 2656 939 2724 sepulchris
964 2673 1069 2723 quoquc
1094 2657 1230 2725 figuratae
1257 2671 1338 2713 erant
1366 2661 1450 2716 uther.
1470 2669 1490 2711 et

378 2747 511 2801 moriones
531 2762 590 2800 cnm
609 2746 704 2812 pennis
723 2745 752 2798 in
771 2746 868 2812 capite,
887 2754 916 2799 ct
934 2746 1021 2813 galeis
1041 2747 1098 2800 loco
1111 2747 1196 2800 crucis
1215 2759 1244 2800 et
1266 2748 1383 2802 aliorum
1397 2749 1492 2816 pietati·

379 2835 480 2890 veteris
507 2836 655 2902 signorum.
698 2834 822 2886 Vestiam
848 2834 1055 2888 sacerdotalium
1086 2845 1234 2902 apparatus
1261 2837 1493 2891 custodiebatur

379 2924 464 2993 figulo
483 2924 646 2977 Lutherauo.
686 2923 722 2976 Et
741 2939 822 2988 qrrttm
843 2923 925 2976 Pater
945 2924 1134 2991 circumspecte
1153 2925 1302 2993 inspiceret
1323 2935 1428 2995 petram
1444 2941 1493 2980 ooo

378 3022 519 3077 secretarii,
540 3014 608 3066 vidit
628 3012 702 3065 illam
721 3011 887 3074 dissolutam,
907 3018 935 3064 et
954 3011 1054 3077 absque
1073 3015 1208 3066 corisuetis
1230 3016 1371 3081 reliquiis:
1398 3015 1493 3083 proinde

379 3102 572 3171 procedendum
593 3101 647 3153 fnit
666 3100 698 3152 ad
719 3101 810 3153 netlem
827 3104 1011 3164 Armeniorum,
1032 3103 1077 3167 qtri
1092 3102 1142 3169 ipsi
1157 3103 1339 3157 libentissime
1354 3113 1492 3158 astruerunt

378 3192 528 3245 eelehramli
549 3190 720 3253 laenitatem
746 3189 791 3241 sed
812 3197 839 3241 et
859 3188 902 3242 hic
921 3190 1082 3244 sacrificium
1108 3191 1267 3258 impeditum
1288 3193 1343 3246 ferit
1366 3203 1436 3248 uteru
1457 3192 1493 3244 hn

378 3281 501 3340 stimma,
522 3278 617 3343 qttihus
638 3277 675 3329 illi
695 3277 848 3329 stitturtlutes
872 3284 997 3338 uttmtur,
1023 3295 1092 3344 ‹puae
1115 3291 1180 3333 stunt
1204 3280 1232 3333 in
1258 3282 1347 3335 tornis
1372 3283 1494 3351 placenta·

379 3385 436 3421 rum
456 3368 574 3434 digitum
593 3365 744 3422 ‹tensarum
765 3365 791 3418 in
813 3367 899 3419 predio
919 3367 1045 3433 signatae
1059 3368 1249 3422 tahellularum
1269 3371 1325 3424 ritu
1347 3387 1494 3438 saporaret·

379 3474 445 3520 rum,
474 3472 543 3522 quine
562 3455 686 3508 venetiis
713 3455 753 3507 vel
773 3455 896 3508 Bononia
921 3456 1011 3509 afferri
1037 3457 1136 3510 solent:
1163 3474 1211 3511 nee
1233 3458 1390 3515 seiehntur.
1416 3471 1494 3512 utrum

378 3554 466 3599 esseut
491 3561 608 3610 rtzyrrroe.
632 3560 667 3595 au
690 3545 878 3597 territentutue.
930 3546 1064 3598 Reversus
1095 3546 1186 3611 itaque
1212 3547 1246 3599 tul
1272 3549 1389 3614 primam
1415 3549 1494 3600 arealem

378 3652 437 3688 ctun
463 3635 560 3700 populo
586 3633 801 3686 rrttmerosissimo
828 3634 983 3688 institorum
1008 3635 1145 3699 Italorum,
1172 3639 1348 3692 limenorum.
1375 3639 1496 3692 llohlan-

380 3738 450 3784 rum,
474 3722 624 3774 'l'cutonum
656 3738 781 3789 rrrngrrarn
809 3730 911 3788 mertem
941 3722 1165 3788 lutheranorum,
1191 3725 1425 3780 ferventissimam
1449 3725 1496 3779 illie

380 3810 532 3864 concionem
553 3812 658 3875 aequali
679 3826 736 3863 terrm
752 3812 840 3863 tituto
862 3821 888 3862 et
909 3827 1000 3864 eorum
1013 3812 1110 3865 solatio
1123 3812 1235 3868 habuit:
1256 3831 1395 3868 sermones
1409 3825 1497 3868 struem.

379 3915 444 3964 optatis
471 3900 553 3953 Pater
577 3900 668 3953 Julius
695 3918 753 3953 ‹ttru
775 3900 828 3953 illis
848 3901 952 3968 perpulis
976 3901 1112 3957 miscebat.
1138 3903 1176 3955 sie
1195 3915 1223 3955 ut
1247 3905 1394 3971 plurimum
1414 3905 1497 3972 preha-

379 3988 491 4050 Μυῖαν,
517 3997 547 4040 ut
568 3989 789 4042 Bartholomaeus
817 3990 912 4042 richilla
932 3990 1092 4043 Allmrrensis
1118 3992 1233 4044 militine
1258 3994 1365 4048 triariis.
1392 4003 1417 4046 ot
1443 3993 1497 4044 l'oi-

382 4078 465 4129 rodae
486 4094 610 4143 percarus
634 4094 692 4130 citro
713 4079 804 4130 rrrttltis
824 4078 885 4130 ollis
906 4096 965 4131 enm
993 4079 1047 4132 illic
1071 4081 1159 4132 ‹etiuati
1185 4081 1239 4133 sint
1270 4083 1398 4138 retinere.
1423 4093 1450 4134 nt
1475 4083 1497 4134 ln

379 4166 469 4231 aliqua
489 4183 580 4219 teatrum
600 4167 751 4226 civitatum,
771 4168 797 4219 iu
818 4184 869 4231 «prta
885 4168 965 4219 seles
981 4167 1102 4223 vacabat.
1122 4169 1283 4235 Epist-opum
1296 4185 1422 4225 crearent
1455 4170 1498 4220 t'e

381 4270 438 4307 utin
458 4256 480 4306 is
500 4254 684 4307 efficacissime
703 4273 731 4308 se
750 4256 888 4321 oppositu:
915 4256 938 4308 si
959 4267 1048 4309 teniren
1069 4258 1126 4310 lieri
1146 4258 1318 4324 superiorum
1346 4277 1405 4314 omn
1426 4274 1497 4312 rema

380 4343 520 4408 potuisset.
541 4342 717 4397 libentissime
736 4344 799 4397 illio.
820 4355 851 4396 ut
871 4346 994 4411 privatus
1014 4347 1155 4398 marisisset
1181 4347 1287 4400 illorum
1308 4348 1380 4402 hono
1398 4347 1498 4418 mpeli-

379 4446 446 4482 interr.
466 4430 511 4496 qni
531 4438 612 4484 antea
631 4433 709 4485 latini
730 4451 830 4486 trutines.
855 4450 924 4486 ritum
944 4442 1056 4501 ext-epta
1077 4436 1153 4488 turries
1174 4436 1254 4488 Bruti
1282 4439 1397 4492 familia.
1421 4452 1498 4490 saser-

379 4521 471 4571 tlotum
491 4519 581 4585 iuopia
601 4522 765 4575 transierant
794 4522 820 4574 iu
843 4522 923 4574 ritum
944 4525 1114 4576 timet-orum.
1159 4524 1248 4577 Aliter
1275 4541 1325 4578 nee
1353 4543 1400 4594 por
1422 4540 1498 4578 anem

378 4609 419 4661 sni
440 4608 624 4662 ‹ternissionem
651 4627 681 4662 ae
701 4610 867 4668 mmlestinm.
891 4626 939 4663 neo
965 4627 1012 4677 per
1037 4612 1146 4679 regulas
1165 4612 1291 4667 lnstituti
1319 4617 1362 4668 sui
1389 4631 1497 4681 rinqnnu.
