3725 5617
505 674 576 728 Acta
593 673 643 728 snb
661 673 813 729 Athanasio
831 673 885 730 rita
904 674 1061 730 continuato
1082 677 1269 732 1701-1713.
1402 675 1456 732 389

874 890 900 944 2.

541 983 586 1037 De
605 999 787 1072 progressu
805 1000 826 1039 s
845 985 987 1041 Unionis
1006 986 1040 1040 in
1058 986 1241 1042 Marmatia

419 1126 651 1213 Respexerunt
674 1128 759 1190 varii
782 1127 825 1192 ad
850 1126 1074 1194 obedientiam
1098 1129 1142 1194 D.
1164 1128 1265 1195 Petri.
1310 1129 1456 1195 Postula·

323 1236 380 1298 vit
395 1254 528 1320 quoque
540 1233 726 1319 Episcopus
738 1233 1077 1322 Marsmarosisnsis¹)
1090 1235 1272 1319 Unionem3
1290 1247 1323 1301 et
1337 1235 1455 1319 clerus,

323 1351 454 1427 septem
479 1339 636 1405 videlicet
660 1340 919 1421 Archidiaconi,
945 1342 1010 1407 700
1034 1342 1239 1436 sacerdotes2
1260 1342 1382 1430 quibus
1405 1366 1454 1409 as·

322 1449 444 1512 sentiri
468 1449 614 1511 cunctati
639 1457 717 1513 sunt
738 1448 853 1513 Patres
877 1458 968 1513 metu
990 1451 1247 1530 inconstantiae,
1272 1461 1308 1542 et
1328 1472 1455 1516 annum

327 1557 363 1619 in
388 1556 577 1641 proximum
603 1553 776 1635 distulere,
802 1554 908 1619 donec
932 1566 1137 1642 compertum
1160 1555 1338 1640 haberent,
1371 1557 1485 1644 quae'

326 1664 364 1727 in
387 1660 490 1726 robur
511 1661 645 1743 firmari,
670 1684 755 1748 quae
772 1661 924 1728 diffluere
940 1662 1115 1750 possent¹).
1152 1663 1239 1729 Mira
1253 1673 1303 1729 est
1317 1665 1453 1730 omnino

326 1770 491 1855 ignoratio
525 1750 803 1851 sacrificulorum,
839 1769 927 1856 quod
966 1791 1071 1854 genus
1104 1770 1313 1836 sacerdotum
1352 1792 1458 1858 popas

328 1887 542 1962 nuncupant,
572 1898 677 1961 eaque
700 1873 923 1940 miserabilem
947 1874 1108 1962 populum
1132 1878 1288 1942 maximis
1311 1877 1457 1943 tenebris

326 1981 483 2048 involvit.
530 1982 636 2046 Rarus
667 1982 848 2046 admodum
873 1992 1154 2048 sacramentorum
1169 1993 1255 2049 'tum
1278 1986 1457 2072 praecipue

326 2090 547 2154 confessionis
572 2112 659 2169 usus,
685 2111 787 2175 quum
812 2091 944 2154 nonnisi
969 2112 1009 2154 ac
1033 2112 1128 2155 senes
1151 2100 1184 2155 et
1207 2091 1334 2156 tumulo
1353 2093 1456 2156 vicini

329 2218 405 2261 eam
431 2194 570 2277 obeunt;
595 2205 711 2259 arcent
725 2197 872 2279 virgines
895 2206 973 2261 ants
997 2195 1237 2262 solemnitatem
1263 2199 1456 2284 nuptiarum

327 2326 351 2367 a
374 2302 507 2389 templo,
532 2306 613 2390 quin
638 2325 680 2366 ex
696 2302 854 2367 lubedine
874 2305 1063 2389 promiscua
1085 2306 1153 2368 irae
1170 2302 1223 2368 vel
1239 2304 1319 2387 odii,
1344 2314 1457 2369 vetere

331 2408 438 2495 pulsa,
462 2431 583 2499 novam
609 2410 785 2495 conjugem
808 2431 976 2475 assumere
999 2411 1034 2474 in
1050 2432 1140 2475 more
1164 2409 1299 2477 babent.
1338 2410 1457 2476 Assue-

329 2526 430 2581 scunt
456 2517 529 2601 jam
563 2525 694 2581 nostrae
726 2516 896 2580 doctrinae
929 2527 962 2581 ct
994 2517 1127 2582 avidius
1158 2519 1194 2583 in
1218 2539 1329 2582 sacras
1359 2517 1459 2583 aedes

330 2622 506 2688 Societatis
530 2633 718 2687 accurrunt.
765 2622 830 2688 Sed
855 2626 1004 2688 maxima
1027 2647 1102 2710 spes
1133 2626 1168 2689 in
1191 2623 1459 2690 adolescentibus

326 2730 455 2812 locata,
480 2732 537 2817 qui
562 2730 604 2795 ad
629 2742 756 2794 nostras
781 2730 909 2794 scholas
932 2731 1081 2817 plerique
1106 2734 1261 2815 veniunt,
1291 2741 1382 2797 tanto
1406 2755 1456 2798 ar·

327 2838 513 2918 dentiores,
545 2846 668 2923 quanto
693 2837 799 2920 magis
830 2847 907 2901 ante
931 2859 987 2901 eos
1018 2835 1135 2903 ludum
1164 2837 1309 2904 adeundi
1341 2839 1458 2905 horror

328 2945 500 3009 invaserit.
539 2944 591 3027 (B.
615 2944 652 3009 P.
678 2944 719 3007 V.
746 2942 877 3026 12230.)

877 3191 904 3245 0.

645 3300 697 3366 Ex
720 3299 844 3366 annis
872 3301 955 3366 1712
981 3304 1020 3367 et
1047 3303 1140 3368 1713.

558 3557 602 3609 De
621 3571 703 3609 novo
722 3556 929 3609 incremento
948 3570 1062 3610 sacrae
1080 3555 1229 3611 Unionis.

421 3681 668 3748 Albae-duliae
692 3681 779 3746 Unio
805 3681 1029 3746 Valachorum
1058 3702 1124 3745 non
1147 3680 1221 3745 leve
1245 3682 1386 3767 sumpsit
1409 3681 1457 3746 in·

330 3801 547 3854 crementum.
595 3789 757 3853 Profcssio
790 3791 880 3853 enim
912 3789 1010 3870 fidei,
1045 3809 1144 3874 quam
1176 3788 1337 3873 superiori
1367 3808 1455 3851 anno

330 3896 512 3962 eorundem
544 3893 728 3982 Episcopus
752 3896 961 3960 Athanasius
992 3894 1160 3981 publicam
1194 3897 1348 3959 emiserat
1379 3916 1456 3959 cum

332 4003 499 4069 nonnullis
514 4004 788 4088 Protopoparum‚
813 4003 876 4067 boc
896 4023 984 4066 anno
1009 4000 1051 4065 sb
1068 4002 1243 4083 universis,
1267 4024 1345 4066 vere
1360 4003 1457 4087 popis

332 4114 367 4176 in
391 4113 528 4196 triginta
552 4122 692 4196 quatuor
716 4106 1055 4174 Archidisconatibus
1082 4089 1266 4172 facta'fuit.
1314 4107 1457 4193 Majores

332 4218 488 4304 sperandi
513 4218 644 4281 fuerent
667 4238 874 4302 progressus,
908 4216 971 4280 nisi
996 4215 1223 4300 pientissimus
1246 4213 1356 4278 obitus
1380 4213 1456 4278 lllu·

333 4326 483 4389 strissimi
508 4333 541 4387 et
563 4323 843 4387 Reverendissimi
868 4322 1007 4387 Domini
1031 4320 1189 4406 Episcopi
1219 4320 1305 4386 bene
1329 4321 1457 4406 coeptis

332 4433 522 4496 obstitisset.
562 4431 612 4513 (B.
637 4430 673 4495 P.
699 4430 740 4494 V.
768 4428 901 4515 12107.)

364 4681 385 4749 ¹)
405 4682 511 4732 Recole
531 4696 599 4745 quse
617 4682 645 4730 in
663 4680 734 4730 hunc
753 4681 842 4730 locum
861 4678 1094 4729 animadvertimus
1113 4691 1193 4743 supro
1210 4691 1237 4741 p.
1257 4675 1318 4738 265.
