3725 5617
369 647 439 713 ioan
797 656 828 710 n.
848 653 897 714 vt.
934 655 1065 724 samma.

370 805 521 865 cuncteque
540 815 569 854 re
588 799 686 865 venali,
706 798 802 852 relicta
821 797 907 852 reteri
921 797 1048 862 stat-ione,
1069 798 1096 850 in
1110 796 1274 851 valachiam
1287 797 1492 866 Tmnsalpimn.

370 903 419 956 per
446 888 565 942 occultas
592 887 744 955 palantium
762 887 940 941 Tartarorum
968 886 1095 948 insidias,
1123 886 1220 940 multis
1249 903 1361 940 suorum
1389 887 1492 942 amissis.

370 982 435 1032 sunt
454 976 559 1044 dilapsi.
591 975 742 1045 Profngum
761 992 874 1046 gregem
893 991 970 1030 sacra
983 975 1186 1044 Religiosornm
1205 976 1231 1030 d.
1247 976 1387 1031 Francisci
1405 993 1492 1030 corona

370 1066 497 1133 stipatus,
515 1071 625 1120 secutus
643 1071 737 1133 postor
756 1065 979 1133 Amhiepiseopus
997 1065 1198 1135 Sardiceusiu),
1218 1065 1249 1119 in
1267 1065 1391 1120 bost-inm
1409 1066 1494 1120 incidit

370 1171 479 1219 manus,
508 1170 525 1208 c
552 1154 649 1221 quibus
674 1155 744 1208 male
769 1154 859 1208 verbis
890 1161 919 1208 et
944 1153 1102 1208 verberibus
1127 1163 1258 1222 acceptus
1289 1155 1495 1210 sacerdotalibus

370 1245 481 1313 insuper
499 1251 597 1300 exutus
615 1223 797 1312 ornamentis,
825 1261 857 1299 ac
876 1245 926 1300 vili
945 1248 1035 1298 tectus
1053 1245 1194 1298 lucernula
1217 1245 1255 1298 ad
1275 1245 1426 1300 exercitum
1444 1260 1495 1312 per·

371 1335 449 1389 venit
467 1334 643 1399 Caesareum,
671 1335 714 1389 cni
743 1341 893 1402 opportuno
921 1334 971 1387 sub
1001 1335 1109 1388 initium
1137 1335 1203 1388 auni
1235 1335 1309 1388 1690
1337 1333 1495 1388 evolastis

371 1423 524 1492 egredienti
543 1439 603 1477 cnm
621 1424 678 1477 suis
697 1439 783 1478 comes
802 1423 906 1488 iactus,
933 1423 1052 1478 Ducibus
1070 1423 1158 1477 llaria
1176 1423 1210 1476 de
1229 1423 1319 1487 Pace,
1348 1433 1377 1478 et
1396 1423 1494 1476 Manto

370 1512 478 1566 Heisler
500 1511 534 1564 ab
553 1511 746 1577 Heidershein‚
774 1511 802 1566 in
828 1511 1047 1566 Trarrsilvaniam
1071 1512 1199 1566 inductus
1228 1518 1281 1567 eet.
1320 1511 1493 1566 Aleharuris

370 1607 464 1668 postea
483 1600 583 1654 Cibinii
612 1617 672 1655 cum
690 1601 795 1668 aliquot
814 1616 848 1654 ex
865 1601 959 1655 ordine
977 1600 1121 1668 Seraphico
1139 1601 1197 1654 Deo
1223 1600 1326 1654 dicatis
1346 1601 1427 1656 riris.
1452 1601 1492 1654 im·

369 1690 460 1757 pensis
479 1705 510 1743 ac
528 1689 715 1743 munificentia
733 1690 850 1757 supremi
869 1705 917 1757 per
930 1689 1148 1744 'lhannlruuiam
1166 1689 1205 1743 rei
1227 1688 1345 1744 bellime
1364 1691 1491 1758 prurienti.

370 1778 453 1832 donec
480 1779 566 1832 vitam
593 1777 663 1831 hauc
690 1779 831 1832 mortalem
865 1786 978 1833 aeterna
1012 1784 1213 1833 commutasset.
1259 1779 1370 1847 Corpus
1397 1779 1491 1833 Alban·

370 1866 473 1921 Juliam
491 1867 619 1932 delatum,
639 1865 784 1922 honorifico
802 1867 902 1922 ibidem
921 1868 1016 1922 iuuere
1035 1868 1198 1921 tumulatum
1217 1877 1272 1923 est.

441 1963 623 2032 Bulgarornm
641 1980 705 2018 vero
724 1966 844 2020 eolouiue
865 1981 913 2034 per
931 1965 1011 2020 villas
1031 1981 1062 2018 ac
1080 1981 1165 2032 peges
1184 1966 1319 2030 quosdam
1339 1967 1489 2020 distributae

369 2052 506 2120 degebant
525 2054 552 2107 in
571 2053 762 2108 ‘lhausilraniu
782 2055 816 2108 ad
835 2070 935 2108 annum
954 2055 1141 2120 usqu017003
1160 2053 1282 2120 diploma
1301 2055 1404 2110 deinde
1421 2056 1488 2122 inpe-

369 2147 486 2206 trarunt,
506 2159 557 2208 qno
577 2143 695 2208 Vinczii‚
716 2143 831 2197 desolati
850 2159 933 2211 prope
952 2143 1162 2197 Albam-duliam
1181 2144 1284 2211 oppidi.
1306 2145 1338 2198 in
1358 2145 1483 2214 emporion

370 2231 506 2299 erigendi,
531 2231 655 2298 sedisque
673 2237 821 2300 perpetuae
839 2232 876 2286 ibi
896 2232 1067 2286 collocandae
1084 2231 1238 2298 Leopoldus
1257 2233 1414 2300 imperator
1427 2243 1482 2301 pute

369 2325 469 2375 statem
501 2320 598 2385 iecit²).
636 2321 735 2376 llissus
759 2321 842 2375 etiam
867 2338 883 2375 a
908 2321 990 2376 Sacra
1014 2321 1237 2390 Congregatioue
1263 2322 1298 2376 de
1325 2321 1484 2391 pmpaganla

371 2409 422 2463 tide
440 2410 577 2477 Bulgams
602 2410 726 2463 sacerdos
745 2409 953 2479 christophorus
973 2410 1113 2475 Peichich‚
1138 2409 1217 2462 hodie
1244 2413 1317 2464 sacri
1340 2413 1486 2466 Csanilien

370 2499 438 2552 sium
458 2499 645 2553 canonicorum
665 2505 775 2553 senatus
794 2499 953 2570 columem),
979 2500 1025 2566 qui
1043 2501 1177 2567 dispersos
1196 2499 1287 2554 multo
1308 2501 1404 2556 labore
1421 2515 1488 2568 popu·

367 2587 437 2642 lares
457 2588 575 2656 collegit,
596 2604 627 2641 ac
645 2589 786 2642 Viuczium
805 2589 925 2643 deduxit.

440 2687 584 2753 Respirure
612 2686 656 2740 hic
683 2687 822 2755 paululum
841 2704 858 2740 a
877 2692 965 2752 metu,
993 2686 1068 2740 brevi
1088 2686 1171 2740 etiam
1199 2685 1320 2742 duorum
1347 2688 1489 2752 eBnlpars

367 2781 459 2843 gente,
480 2775 557 2828 Pauli
570 2776 755 2830 Katalenichii
774 2784 802 2830 et
816 2777 898 2830 llarci
917 2775 1066 2840 Poenichii,
1086 2774 1188 2828 auxilio
1207 2776 1335 2831 animum
1355 2787 1487 2845 coeperunt

369 2864 488 2932 erigere:
508 2865 554 2932 qui
567 2871 690 2919 servatus
709 2865 912 2919 abarbarorum
926 2866 1078 2932 direptione
1097 2865 1223 2918 tbrtunas
1237 2865 1266 2918 in
1280 2866 1426 2933 populares
1437 2879 1488 2918 snos

368 2970 456 3008 rernm
476 2955 593 3008 omnium
618 2953 709 3021 iuopia
728 2969 833 3021 pressos
859 2954 1012 3023 largissime
1038 2953 1203 3022 erogabant,
1233 2963 1262 3008 ct
1290 2971 1347 3021 qun
1373 2965 1487 3022 poterant

368 3043 481 3100 ratione.
500 3043 686 3097 laborantibus
705 3044 798 3097 aulicis
813 3044 1027 3111 opitulabantur,
1065 3043 1109 3096 Ita
1127 3043 1156 3096 iu
1169 3059 1280 3096 snorum
1302 3045 1410 3111 providi
1428 3059 1487 3094 rom·

366 3133 452 3194 modu,
471 3132 554 3186 saluti
579 3149 683 3199 quoque
702 3134 853 3187 consultum
872 3134 964 3196 ibunt,
990 3133 1057 3186 viris
1078 3132 1224 3200 Religiosis
1243 3135 1325 3186 onita
1345 3150 1420 3186 sarcre
1438 3149 1488 3200 pr·-

366 3221 532 3276 curantibus.
570 3223 607 3274 Et
629 3223 685 3289 jum
705 3222 783 3276 rebus
802 3222 957 3290 Bulgoricis
976 3223 1095 3288 aspirare
1114 3223 1227 3274 titrtnnu
1247 3235 1391 3288 empcmt.
1415 3236 1487 3287 «pirum

368 3314 474 3363 mutatu
506 3311 592 3363 amica
612 3311 784 3378 Reipublicae
816 3317 991 3380 tempestate,
1021 3311 1129 3364 iuuuani
1156 3310 1232 3362 velut
1265 3311 1379 3364 turbine
1403 3323 1487 3364 eversi

367 3397 466 3451 iterum
485 3408 549 3453 suut
568 3400 665 3464 omnia,
687 3409 768 3467 atque
787 3401 926 3467 dissipata.
959 3399 1087 3453 Excitatn
1100 3399 1200 3466 quippe
1219 3399 1248 3452 in
1262 3399 1409 3466 llnrigario
1427 3399 1487 3452 snii-

398 3631 417 3698 ¹)
438 3632 586 3696 Stephanus
600 3635 770 3690 Cnezervich.
790 3635 846 3697 ejus
860 3635 937 3683 Sedis
957 3634 1018 3682 inde
1038 3634 1072 3680 ab
1093 3649 1162 3680 anno
1186 3633 1253 3694 1677
1275 3635 1397 3684 antistes.
1431 3637 1485 3682 lira:

436 3713 521 3751 nutem
542 3706 653 3752 Serdica
678 3707 731 3753 sive
752 3708 902 3764 'l'rinditzn,
923 3706 1002 3754 hodie
1023 3705 1138 3768 Sophia,
1167 3704 1200 3750 nd
1223 3705 1357 3752 linianum
1378 3707 1485 3756 llnriuzn.

437 3777 537 3824 Daciae
559 3778 781 3834 Mediterraneum,
811 3785 836 3826 et
862 3785 956 3842 postea
983 3776 1122 3836 llnlgnriue
1149 3776 1264 3836 regionis
1293 3789 1390 3840 caput,
1418 3781 1485 3824 ‚cies

436 3847 613 3910 metropoleos
640 3848 716 3896 titulo
744 3849 867 3912 insignis,
897 3849 939 3896 cni
965 3857 1052 3896 tumen
1082 3846 1170 3894 nullus
1197 3845 1306 3894 suberat
1328 3849 1485 3912 Episcopus:

436 3919 496 3966 hinc
517 3920 625 3967 antistes
646 3920 783 3968 dicebatur
802 3917 816 3966 ὁ
836 3921 944 3980 §owing
962 3917 1159 3984 ,eieroonoiiruss
1177 3915 1245 3966 titur·
1264 3917 1424 3968 incontum-

395 4007 416 4073 '·')
436 4010 489 4059 Cir.
511 4008 654 4071 Kolosy,
676 4010 864 4071 bilmumtism„
884 4024 928 4072 pp.
953 4008 1065 4070 17-18.

395 4094 417 4164 ³)
438 4096 595 4145 Deeohuec
610 4097 688 4145 habet
704 4097 1486 4150 SchemntismnscleridioecesisCsanidieu-is

434 4184 490 4231 pro
511 4184 593 4216 nnn«)
618 4169 710 4226 1383,
730 4185 755 4232 p,
777 4180 825 4228 30:
848 4169 969 4222 „Blessius
988 4168 1194 4231 Christophorus
1215 4173 1297 4222 hlilli.
1322 4174 1484 4228 irriguum„

434 4240 613 4287 missionnrins
634 4241 658 4288 in
682 4239 818 4300 bulgaria,
838 4241 907 4288 turrile
928 4255 1080 4288 numerosas
1100 4240 1216 4292 familias
1236 4247 1269 4292 :nl
1293 4245 1423 4292 Bupalum
1453 4247 1485 4290 ie·

434 4311 516 4366 duxit,
536 4327 677 4374 earumque
697 4312 828 4374 ponticellus
849 4314 898 4360 l'nit
917 4313 942 4360 in
965 4309 1163 4374 U'·llesseny'd;
1182 4329 1253 4364 anuo
1278 4325 1347 4374 1750
1370 4317 1485 4362 viram.

434 4383 601 4445 capitularis;
629 4383 742 4430 decessit
768 4399 820 4446 qua
839 4384 984 4431 canonicus
1003 4395 1091 4432 custos
1117 4399 1159 4434 an.
1184 4398 1276 4448 1553:
1307 4413 1341 4422 -
1371 4389 1410 4434 lle
1430 4387 1485 4434 ,tia

434 4454 555 4514 llulguris
575 4455 623 4501 snb
645 4454 757 4501 Nicoluo
778 4455 968 4510 Stunislnvich.
997 4456 1131 4518 Episcopo
1151 4459 1264 4520 primum
1287 4459 1485 4520 Simpulum

434 4526 530 4573 deinde
550 4527 730 4578 ttsarohlicnsi.
751 4527 783 4573 ad
799 4529 927 4574 llanutum
943 4527 1137 4574 'l'emcsicnsem
1158 4529 1283 4578 adductis
1298 4531 1383 4578 rideri
1405 4543 1484 4592 pote-z

434 4597 502 4644 idem
518 4597 774 4644 schematismos
792 4599 817 4645 iu
839 4597 907 4645 notis
922 4598 1055 4646 historicis
1071 4599 1104 4645 ad
1119 4600 1260 4661 parochias
1277 4603 1366 4660 Vinus
1385 4605 1424 4666 (p.
1441 4613 1484 4662 33,

433 4669 567 4716 Cstihorcir
586 4675 623 4731 lp.
645 4671 696 4731 54),
718 4665 903 4733 O'·ltessen)·'o
921 4677 955 4732 lp.
980 4669 1083 4734 rutilet
1104 4672 1200 4718 hlodos
1220 4673 1256 4735 (p,
1282 4679 1346 4730 μη)
