3725 5617
366 625 435 678 1016
793 622 823 676 L.
843 621 890 674 l'l.
929 621 1059 687 Parerga.

366 766 476 828 Virum,
504 765 627 832 iuquam,
655 764 914 834 Religiosissimum,
942 762 1081 831 perampla
1099 761 1243 815 uirtutum
1268 769 1298 816 et
1317 762 1482 818 doctrinarum

366 854 534 923 supellectile
559 854 735 917 instructum,
768 854 850 923 longa
878 852 944 906 mihi
968 850 1164 906 cousuetudine
1194 851 1378 908 familiarem.
1402 861 1428 906 et
1448 853 1484 904 eui

365 950 504 999 tantorum
522 959 692 998 successuum
710 942 875 997 occasionem
893 942 1015 996 diuinam
1033 940 1243 995 Providentiam
1269 957 1372 995 arcano
1389 941 1485 994 annus·

366 1048 415 1101 per
432 1048 474 1086 mo
492 1031 551 1086 dari
571 1031 687 1086 voluisse
705 1032 856 1100 praeterita
873 1031 1004 1094 recolens,
1023 1038 1192 1098 stupensque
1212 1045 1389 1101 recognosco.
1422 1030 1484 1098 Quoi

366 1121 390 1174 si
418 1120 500 1174 flauum
528 1120 702 1175 nihilominus
729 1128 771 1175 est
796 1120 944 1175 sanctitati
963 1121 1079 1175 Vestrae
1105 1127 1182 1174 stare
1212 1120 1242 1174 in
1271 1120 1425 1189 proposito.
1448 1133 1486 1172 ner

366 1214 472 1274 movet,
497 1209 568 1277 qnod
586 1210 748 1278 interposita
772 1210 807 1265 nd
825 1211 912 1265 Deum
936 1210 1101 1265 sacramenti
1120 1209 1260 1279 religione
1285 1225 1413 1264 eremum
1435 1209 1487 1262 ela·

368 1298 487 1353 animum
511 1306 593 1367 gerat
617 1299 662 1353 ille
687 1299 721 1352 ab
746 1298 826 1368 hujus
854 1300 919 1354 licet
938 1313 1069 1368 magnae,
1097 1298 1164 1353 licet
1189 1299 1413 1356 eoetesiantioae.
1437 1299 1488 1351 lioet

368 1403 461 1442 sacrae
479 1386 626 1456 dignitatis
644 1388 827 1443 commutabili
847 1397 939 1443 tamen
957 1389 1038 1453 bono,
1063 1394 1095 1442 ut
1113 1388 1166 1442 nisi
1187 1387 1424 1443 incommutabilis
1438 1386 1489 1439 boni

369 1475 523 1531 discrimine
541 1476 646 1545 obJecto
665 1477 758 1546 urgeri
777 1477 886 1532 minime
905 1477 1005 1546 possit,
1030 1484 1063 1531 ut
1080 1475 1217 1545 splendidi
1237 1475 1334 1531 oneris
1350 1477 1418 1546 jugo
1434 1475 1488 1529 atu

369 1565 528 1631 submittat,
553 1581 603 1620 nec
621 1566 674 1620 nisi
693 1566 811 1634 periculo
830 1566 991 1621 damnabilis
1009 1572 1038 1620 et
1056 1566 1219 1621 criminosae
1245 1567 1419 1634 peruicaciae
1435 1582 1490 1621 co*

369 1654 434 1722 palli
452 1655 551 1723 possit,
576 1661 609 1709 ut
627 1656 771 1722 ascendat;
790 1656 813 1710 ai
833 1656 929 1720 tinum,
949 1656 1074 1723 inquam,
1099 1655 1347 1722 constitutumque
1365 1663 1408 1710 est
1422 1654 1489 1708 assu

369 1749 436 1796 nata
454 1743 593 1811 perficere,
619 1760 668 1798 neo
685 1744 753 1799 satis
772 1744 943 1800 Beatitndini
962 1745 1078 1799 Vestrae
1103 1744 1158 1798 fuit
1176 1744 1207 1798 in
1227 1759 1285 1798 nno
1306 1744 1427 1813 ejusdem
1443 1759 1489 1812 pur

371 1832 454 1900 positi
472 1839 502 1887 et-
520 1833 622 1888 vinculi
642 1841 783 1902 expertum
801 1849 830 1888 se
849 1834 934 1888 tuisse
950 1833 995 1902 jus
1014 1833 1137 1887 divinum
1156 1848 1238 1887 suum
1264 1834 1360 1902 ligata
1378 1833 1487 1888 scirendt

372 1927 401 1974 et
419 1920 532 1975 humilia
550 1921 728 1990 depressaque
747 1922 899 1977 exaltandi:
918 1922 1049 1986 absolvet,
1067 1938 1166 1989 quaeso
1186 1938 1315 1990 rogoque
1328 1923 1487 1977 &neantes

371 2009 512 2075 Vestram,
532 2027 588 2076 me,
613 2011 675 2066 duim
694 2011 811 2066 alterum
830 2012 938 2081 illigat,
965 2019 995 2065 et
1012 2011 1168 2079 expeditum
1187 2013 1415 2077 extricatumque
1430 2010 1484 2063 aaut

372 2098 406 2152 ad
424 2099 565 2168 ingenium
590 2106 619 2155 et
638 2100 767 2169 pristinos
786 2116 872 2156 mores
896 2100 1014 2165 reverti,
1039 2100 1103 2153 dum
1122 2100 1237 2155 interim
1256 2116 1322 2155 cum
1342 2101 1486 2154 incremento

371 2187 473 2251 aderit,
496 2188 542 2256 qui
561 2195 652 2257 partes
671 2206 762 2244 omines
781 2190 992 2244 cumulatissime
1011 2188 1119 2257 expleat
1144 2199 1173 2243 et
1192 2189 1424 2244 abundantiorem
1441 2187 1485 2240 telt-

372 2277 523 2344 cioremque
557 2278 594 2332 sit
626 2294 733 2347 operam
768 2279 808 2333 rei
841 2279 1007 2333 christianae
1043 2278 1221 2347 publicaeque
1256 2278 1415 2333 collaturum.
1454 2277 1486 2328 Sir

372 2381 457 2420 voveo
476 2375 525 2421 etc.
563 2368 602 2420 ιΒ.
623 2367 653 2422 Ρ.
672 2368 705 2422 V.
728 2370 835 2428 12173.)

484 2546 662 2614 Praeceptum
681 2548 853 2600 siml-tensius
876 2549 955 2601 Putrr'
975 2548 1091 2600 Sestertio
1117 2547 1250 2599 l'e'rurumu
1272 2549 1400 2600 corissum.

445 2669 586 2738 Praecepti
612 2670 737 2725 submissi
756 2682 834 2726 tenor
857 2678 900 2725 est
917 2687 1045 2738 sequens:
1075 2673 1161 2738 Quum
1180 2669 1237 2723 Nos
1257 2669 1340 2724 hodie
1364 2672 1392 2724 in
1411 2668 1491 2722 tonsi·

374 2757 458 2812 storio
477 2759 575 2813 Nostro
599 2769 703 2814 secreto
727 2762 760 2814 ob
785 2761 900 2830 egregia
924 2770 973 2815 tua
995 2760 1094 2815 merita
1111 2760 1149 2813 Te
1174 2759 1204 2812 in
1223 2759 1339 2813 Sacrum
1361 2755 1490 2813 l’euerab'e

375 2845 441 2901 lium
466 2847 592 2902 Fratrum
619 2855 770 2904 nostrorum
789 2851 815 2905 S.
835 2851 867 2904 R.
887 2850 918 2904 a
944 2849 1130 2904 Cardinalium
1155 2846 1312 2916 Collegium
1336 2847 1489 2916 ‹cooptaveri-

375 2951 447 2994 rnus.
475 2936 566 3003 Teque
594 2938 785 3006 Presbyterum
813 2939 932 3007 ejusdem
951 2939 976 2994 S.
997 2940 1028 2992 R.
1048 2939 1079 2992 E.
1103 2936 1275 2991 Cardiuatem
1307 2937 1489 2991 crearerinns:

376 3040 481 3084 verum.
510 3026 581 3080 siem
609 3028 771 3096 accepimus,
799 3028 842 3081 Tu
864 3028 946 3094 juxta
965 3027 1181 3081 Constitutiones
1199 3027 1350 3080 Societatis
1368 3027 1445 3080 lesu.
1470 3024 1491 3076 in

376 3129 430 3180 qua
453 3115 645 3181 professionem
671 3117 824 3185 regularem
843 3131 968 3185 expresse
987 3116 1113 3180 emisisti,
1141 3116 1196 3168 Deo
1221 3131 1254 3168 ac
1273 3116 1391 3170 llomino
1409 3122 1490 3169 natm

376 3203 542 3271 promiseris,
570 3205 609 3260 Te
633 3206 667 3259 ad
686 3206 736 3260 Tui
762 3205 921 3260 electionem
947 3205 980 3259 ad
1005 3219 1189 3272 quamcunque
1216 3205 1430 3272 praelationem,
1456 3203 1492 3254 vti

375 3291 553 3361 dignit-atem,
572 3311 620 3349 seu
639 3311 735 3348 munus
754 3295 964 3350 ecclesiasticum
983 3305 1062 3348 extra
1081 3294 1191 3348 eandem
1208 3293 1391 3356 Societatem,
1416 3289 1492 3358 «quoad

376 3396 424 3448 per
442 3381 480 3436 Te
499 3383 557 3437 fleri
575 3392 673 3450 posset,
692 3399 848 3438 consensum
868 3384 977 3438 minime
996 3384 1205 3451 praestiturum:
1226 3383 1281 3436 Nos
1301 3382 1495 3436 considerantes

376 3486 425 3538 per
442 3472 528 3527 Tuam
557 3474 590 3527 ad
610 3474 812 3528 Cardinalatnm
841 3473 993 3543 hujusmodi
1018 3474 1211 3541 promotionem
1241 3470 1347 3524 nullam
1376 3467 1494 3522 laudabili

376 3559 521 3615 Societatis
541 3564 693 3629 praedictae
712 3564 845 3618 Instituta
864 3563 950 3619 labem
968 3577 1119 3630 noxamque
1137 3560 1232 3615 interni
1253 3576 1349 3627 posse,
1368 3559 1432 3625 «prin
1450 3557 1496 3609 ino

376 3648 505 3715 plurimos
524 3667 556 3705 ex
575 3668 607 3707 ea
626 3652 773 3719 uberesque
793 3653 897 3706 tructam
916 3668 969 3706 uon
988 3651 1076 3706 minus
1094 3648 1244 3704 catholicae
1266 3648 1408 3716 religioni.
1426 3663 1496 3714 squam

377 3737 514 3794 Ecclesiae
538 3741 681 3796 aurniversae
699 3742 863 3796 obventuras
888 3757 946 3796 esse
970 3741 1083 3794 firmiter
1100 3746 1256 3806 sperantes,
1286 3745 1365 3792 rnotu
1390 3735 1495 3804 pmprio.

376 3843 408 3880 ac
427 3844 460 3883 ex
479 3837 553 3883 certa
573 3830 695 3896 scientia,
715 3839 742 3885 et
761 3838 869 3885 matura
888 3830 1082 3885 deliberatione
1102 3827 1209 3891 nostris,
1230 3827 1319 3893 deqrm
1333 3824 1497 3893 spatulas

377 3918 523 3981 potestatis
542 3919 724 3986 plenitudiue,
748 3920 808 3974 Tibi
829 3920 923 3974 irarum
943 3919 1012 3973 serie
1031 3919 1058 3971 in
1079 3917 1182 3971 uirtute
1200 3923 1315 3969 sanctae
1335 3913 1497 3968 obedientiae

377 4007 569 4073 praecipimus,
598 4017 627 4063 ct
645 4010 816 4072 mandamus,
845 4017 878 4063 ut
895 4009 947 4062 Tui
973 4008 1000 4062 in
1019 4022 1123 4061 mortum
1152 4004 1298 4060 eorundem
1318 4001 1496 4058 cardinalium

376 4093 528 4164 Collegium
554 4100 733 4166 cooptationi.
763 4100 838 4153 etin
859 4097 1027 4151 Cardiualem
1048 4093 1179 4149 creationi
1204 4108 1254 4161 per
1271 4092 1344 4150 Nos.
1372 4099 1406 4145 nt
1429 4105 1496 4158 prai-

376 4182 489 4248 dicitur,
516 4189 604 4240 tactae
623 4203 780 4243 consensum
799 4189 871 4242 omni
891 4203 965 4241 irrora
989 4192 1018 4239 et
1036 4184 1166 4237 dilatione
1191 4190 1220 4235 et
1239 4196 1402 4249 quacunque
1420 4177 1497 4244 tergi·

378 4275 531 4329 versatione
557 4278 713 4344 postpositis
732 4284 867 4346 praestes,
896 4285 923 4329 et
943 4274 1061 4328 delatam
1078 4272 1140 4326 Tibi
1159 4268 1316 4325 Cardinalis
1340 4268 1494 4338 tligaitaten

376 4360 527 4430 liujusmmli
553 4373 689 4433 acceptes.
715 4384 747 4421 uc
764 4368 799 4420 ad
818 4364 1018 4433 Omnipotentis
1037 4362 1086 4416 Dei
1105 4361 1235 4430 gloriam.
1263 4360 1433 4424 sanctaeque
1449 4354 1496 4407 lio·

376 4467 474 4511 urenae
488 4456 624 4511 Ecclesiae
643 4457 806 4524 dignitatem
826 4454 944 4509 fideliter
962 4466 1086 4507 exercere
1105 4463 1240 4518 procures.
1277 4447 1334 4502 Sos
1352 4446 1423 4500 enirn
1439 4441 1494 4497 Tibi

377 4549 552 4615 quodcunque
566 4552 657 4600 uotum
678 4563 693 4599 a
706 4547 745 4598 'l'e
763 4543 961 4612 quomodolibet
974 4541 1108 4602 esurissum,
1127 4547 1156 4593 ct
1168 4537 1387 4606 quantiscunque
1401 4531 1494 4586 ria-ibus

376 4641 536 4693 reiteratum
556 4637 589 4692 ule
607 4652 660 4690 nan
679 4634 843 4701 acceptanda
863 4632 918 4686 ulla
939 4629 1121 4700 praelatione.
1140 4643 1187 4681 seu
1206 4626 1363 4694 dignitate.
1386 4623 1427 4676 rel
1445 4634 1494 4672 mn·
