3725 5617
366 625 421 678 632
537 626 567 680 L.
586 627 639 683 111.
676 628 716 683 De
734 628 849 683 historia
867 628 995 684 ecclcsiae
1012 629 1195 684 Romanorum
1213 628 1318 683 unitae.

896 1031 958 1096 III.

366 1168 424 1236 De
447 1169 616 1236 mutuis
642 1168 820 1249 querelis
847 1168 1038 1247 Episcopi
1063 1167 1297 1234 Athanasii
1323 1167 1505 1236 Rednik

618 1286 661 1352 et
685 1285 828 1351 Patris
853 1284 1032 1366 Gregorii
1057 1285 1193 1365 Major
1203 1280 1238 1367 ¹).

910 1459 945 1512 A.

457 1569 503 1635 iic
532 1568 707 1653 querelis
731 1568 917 1653 Episcopi
949 1571 1085 1634 contra
1109 1567 1140 1633 P.
1166 1566 1408 1651 (tragurium.

390 1707 443 1775 (Ex
462 1706 652 1763 informatione
670 1706 814 1762 Athanasii
834 1707 941 1762 Rodnik
959 1708 1003 1762 dic
1023 1708 1064 1762 16.
1084 1708 1152 1762 Julii
1173 1707 1242 1761 1764
1260 1706 1295 1759 ad
1314 1705 1477 1764 remotam

843 1797 1013 1867 perscripta.)

635 1948 823 2015 Celsissimc
847 1960 909 2015 etc.

538 2092 641 2155 Rmue
665 2093 700 2155 P.
727 2091 942 2176 Gregorius
966 2092 1105 2177 lllajor,
1139 2090 1224 2155 levis
1257 2101 1289 2154 ct
1313 2090 1499 2170 instabilis,

324 2195 326 2211 '
366 2196 627 2261 ecclesiasticum
660 2199 719 2261 vix
742 2220 907 2284 unquam,
944 2210 980 2262 ut
1004 2197 1119 2279 debet,
1155 2197 1298 2262 absolvit
1331 2197 1498 2276 officium,

368 2304 425 2368 sed
448 2314 507 2367 aut
529 2326 656 2389 parum,
681 2314 739 2368 aut
761 2327 891 2389 semper
914 2304 1072 2390 majorem
1098 2304 1168 2389 ejus
1183 2303 1323 2388 negligit
1346 2315 1495 2389 partem3

368 2410 546 2475 multorum
562 2410 660 2475 valde
678 2411 864 2490 verborum,
890 2413 1037 2475 maxime
1052 2414 1318 2492 conversativue3
1344 2411 1497 2477 moribus

367 2519 619 2581 conviventium
633 2516 790 2581 facillime
807 2517 1061 2599 adhaerescens,
1079 2517 1177 2582 valde
1189 2520 1322 2601 activus
1335 2527 1369 2581 et
1385 2517 1496 2584 bonus

366 2623 498 2706 latinus,
523 2624 718 2711 faciliusque
743 2626 776 2688 in
801 2623 878 2689 fidei
902 2624 1067 2705 articulis,
1092 2627 1149 2711 qui
1173 2624 1313 2708 longiori
1339 2624 1494 2689 discursu

368 2732 522 2815 cognosci
553 2730 675 2812 solent,
712 2741 744 2795 et
766 2733 801 2795 in
825 2730 1049 2806 ecclesiastica
1074 2731 1251 2816 disciplina
1282 2754 1301 2794 a
1327 2752 1408 2796 vero
1441 2731 1493 2796 dc·

367 2839 480 2919 viane,
512 2859 612 2923 quam
636 2848 749 2901 contra
772 2836 1033 2902 Grammaticam
1057 2860 1201 2924 peccans
1317 2837 1396 2924 (nec
1420 2860 1495 2924 spes

368 2943 435 3009 ulla
459 2955 605 3029 apparet,
630 2944 717 3030 quod
743 2946 770 3007 is
793 2947 847 3029 pic
872 2944 1020 3007 defuncti
1037 2945 1196 3029 Episcopi
1219 2946 1251 3007 in
1275 2944 1375 3029 hujus
1391 2944 1492 3009 eccle·

368 3054 436 3115 siae
460 3051 634 3116 utilitatem
659 3051 877 3114 admiratione
900 3049 999 3135 plane
1024 3050 1125 3134 digna
1149 3049 1298 3114 exhibita
1324 3052 1437 3116 studia
1461 3062 1493 3116 et

368 3180 468 3243 opera
498 3179 644 3243 unquam
684 3157 882 3237 secundare,
919 3158 1029 3220 minus
1068 3179 1261 3242 promovere
1294 3159 1493 3222 contendat:

368 3267 516 3349 vigorem
548 3265 789 3329 ecclesiasticae
818 3263 1014 3348 disciplinae
1045 3286 1162 3348 parum
1187 3274 1296 3344 curat,
1332 3264 1431 3329 laxus
1462 3275 1495 3328 ct

369 3371 508 3436 multum
532 3370 841 3436 recommodaticius
866 3369 1057 3454 theologus.)
1082 3419 1140 3435 ...

461 3616 520 3633 ...
545 3568 658 3631 limus.
679 3567 716 3631 P.
732 3566 965 3630 Philotlreus
989 3568 1125 3630 minoris
1149 3567 1283 3653 quidem
1308 3590 1348 3631 ac
1366 3570 1495 3653 priores

369 3673 417 3756 (P.
433 3672 612 3757 Gregorius
636 3683 668 3736 et
683 3671 866 3758 Sylvester)
890 3674 1049 3737 scientiae
1071 3685 1103 3736 et
1119 3676 1353 3759 experientiae,
1379 3685 1495 3760 utpote

369 3790 476 3844 aetate
495 3780 625 3866 junior,
659 3801 775 3843 verum
799 3781 932 3864 pietatis
956 3779 1053 3865 plane
1078 3780 1262 3861 Romanae,
1288 3803 1330 3843 cx
1354 3783 1497 3846 scientia

370 3897 402 3950 et
425 3888 641 3968 conscicntia,
666 3908 766 3972 quam
791 3888 852 3971 ipsi
877 3886 970 3949 Deus
995 3889 1158 3950 concessit
1180 3889 1306 3950 sincere
1331 3897 1364 3951 et
1388 3887 1498 3952 zelose

370 4016 526 4079 operans,
552 3996 674 4080 quique
699 3996 733 4056 in
757 3992 912 4057 omnibus
936 4016 994 4078 pro
1019 4016 1076 4057 suo
1101 4016 1196 4078 posse
1220 3996 1273 4077 pie
1297 3993 1497 4059 defunctum

370 4102 492 4164 imitari
517 4100 739 4165 contenderet.
765 4149 820 4164 ...

404 4348 423 4416 1)
444 4352 484 4399 De
503 4358 593 4397 mutua
613 4350 661 4398 hac
681 4351 808 4413 petitione
836 4351 904 4398 inter
924 4351 1084 4413 Episcopum
1108 4351 1217 4398 Rednilr
1238 4358 1264 4397 et
1284 4353 1314 4398 P.
1335 4350 1502 4412 Gregorium

442 4422 541 4481 agitata
570 4424 658 4469 Patres
684 4423 824 4470 societatis
850 4424 914 4486 Jesu
941 4421 1006 4469 nihil
1033 4421 1115 4469 literis
1142 4424 1297 4482 consignata
1322 4421 1501 4485 reliquerunt.

442 4494 610 4555 Quapropter
628 4493 781 4554 gravamina
801 4494 927 4556 Episcopi
956 4508 985 4540 ex
1006 4494 1041 4541 A.
1063 4496 1105 4541 Pr.
1127 4495 1173 4550 St.¹
1193 4494 1410 4555 oppugnationes
1431 4498 1504 4545 Gre-

442 4563 508 4625 gorii
528 4571 614 4611 autem
639 4579 670 4611 ex
690 4564 816 4612 relatione
836 4573 972 4612 auctorum
995 4568 1175 4612 Rumenorrrm
1201 4565 1270 4627 apud
1292 4566 1503 4618 Harmozaki

441 4650 564 4683 eruimus,
