3725 5617
460 646 514 703 838
651 646 683 703 L.
701 644 736 703 V.
773 646 813 700 De
831 644 938 700 Unione
955 642 1143 698 Ruthenorum
1161 646 1191 698 st
1207 642 1404 701 Armeniorum.

460 789 578 855 liarem
601 791 742 875 gratiam
767 787 984 854 convertendi
1008 786 1091 870 illos,
1107 789 1177 873 ipse
1201 796 1234 851 et
1257 808 1326 852 non
1349 785 1444 853 alius
1467 810 1490 853 a
1511 787 1593 855 Sede

462 895 655 983 Apostolica
679 898 714 961 in
737 896 942 982 Episcopum
966 894 1194 976 confirmetur3

553 1004 725 1089 Denique,
769 1012 807 1066 ut
847 1011 957 1067 sumat
996 1001 1058 1066 sibi
1102 1000 1193 1065 cordi
1230 1000 1335 1067 Sacra
1370 1000 1595 1088 congregatio

464 1112 716 1176 conversionem
740 1111 878 1174 istorum
901 1108 1118 1195 populorum3
1143 1130 1228 1194 quae
1245 1109 1366 1173 merito
1382 1131 1446 1195 pro
1464 1131 1594 1176 conver

464 1219 556 1283 sione
581 1219 730 1301 integrae
754 1214 895 1300 alicujus
918 1217 1113 1302 provinciae
1137 1214 1253 1280 haberi
1277 1225 1411 1301 potest,
1436 1238 1544 1304 quum
1564 1239 1596 1281 se

465 1323 641 1407 extendat,
665 1324 713 1386 uti
739 1321 866 1387 dictum
890 1332 953 1405 est,
978 1322 1021 1387 ad
1045 1323 1256 1409 septuaginta
1287 1321 1452 1388 milliaria
1476 1345 1596 1410 germa-

465 1433 552 1512 nica,
577 1430 631 1495 vel
655 1431 754 1494 etiam
778 1428 973 1514 hungarica,
996 1430 1138 1515 jureque
1161 1431 1279 1493 merito
1304 1440 1404 1494 tanta
1428 1430 1476 1495 ad
1501 1430 1596 1496 fidem

466 1536 666 1603 catholicam
690 1538 835 1601 accessio
852 1538 1021 1601 numerari
1044 1546 1153 1623 potest
1176 1538 1262 1601 inter
1277 1538 1526 1602 conversiones
1546 1558 1594 1623 po

466 1644 630 1731 pulcrum.
678 1642 819 1708 Trihuat
842 1646 943 1708 etiam
967 1643 1095 1730 aliquid
1119 1643 1310 1708 discretioni
1336 1642 1594 1731 Archiepiscopi

468 1752 713 1837 Strigonieusis,
738 1753 795 1837 qui
820 1749 903 1815 alias
926 1753 1027 1816 etiam
1052 1760 1101 1815 est
1123 1749 1250 1836 legatus
1273 1759 1377 1814 natus
1393 1748 1497 1816 Sedis
1517 1752 1596 1838 Apo

466 1858 602 1923 stolicae
626 1860 659 1922 in
685 1858 748 1922 hoc
772 1880 873 1942 regno
898 1868 931 1921 et
955 1881 1056 1944 supra
1080 1860 1159 1921 istos
1181 1855 1330 1943 populos.

513 1983 565 2066 (B.
591 1983 631 2048 U.
656 1982 695 2047 B.
720 2004 775 2068 pp.
800 1981 937 2067 9-19.)
1006 1983 1138 2046 Posonii
1164 1982 1195 2047 2.
1219 1981 1302 2047 Julii
1331 1982 1435 2048 1654.

1002 2284 1062 2348 lV.

492 2412 548 2478 De
572 2410 716 2479 studio
741 2413 947 2480 primatis
972 2412 1173 2479 obtentae
1199 2410 1395 2491 episcopt
1431 2411 1579 2480 conflr-

581 2528 767 2595 mattonl
790 2529 964 2607 plenum
989 2525 1190 2596 effectum
1214 2528 1493 2597 conciliandi.

1016 2723 1042 2774 A

542 2820 717 2905 hiploma
741 2820 930 2887 Primutis
955 2819 1000 2887 ad
1025 2821 1221 2888 Ruthenos
1247 2820 1416 2903 unitos¹)
1448 2826 1540 2889 ante

663 2928 812 3011 regiam
838 2927 1026 3011 Episcopi
1051 2926 1404 3013 nominationem).

561 3088 629 3151 Nos
639 3085 802 3171 Georgius
813 3087 947 3172 Lippay
957 3097 1018 3151 etc.
1030 3098 1091 3152 etc.
1111 3126 1149 3135 -
1166 3088 1289 3151 Notum
1300 3087 1452 3155 fac-imus
1463 3131 1508 3139 —
1519 3088 1598 3179 quod

472 3216 576 3280 quum
600 3205 677 3258 ante
701 3193 827 3281 aliquot
850 3217 1012 3258 annorum
1039 3196 1213 3259 decursum
1239 3195 1349 3280 plures
1375 3219 1420 3260 ex
1443 3198 1599 3263 Ruthenis

472 3300 701 3365 sacerdotibus
725 3301 946 3365 schismaticis
969 3301 1166 3367 habitabant
1190 3305 1224 3365 in
1248 3302 1311 3365 hoc
1336 3326 1447 3388 regno
1473 3307 1597 3388 Hungu-

473 3409 551 3488 rico,
577 3410 746 3500 signanter
770 3410 804 3471 in
829 3409 1041 3472 comitatibus
1065 3408 1200 3493 Scopas,
1226 3407 1334 3488 Saros,
1361 3410 1541 3497 Zemplen,
1562 3409 1596 3474 de

476 3515 574 3599 Ungh
599 3526 631 3579 et
654 3515 829 3596 stabolao,
861 3538 975 3578 sacrae
999 3517 1167 3580 Romanae
1191 3514 1363 3580 Ecclesiae
1390 3516 1485 3583 Unio
1509 3518 1596 3582 etiarn

473 3621 615 3708 amplior
645 3622 776 3702 fuisset,
810 3645 909 3707 seque
947 3645 1004 3708 pro
1038 3623 1154 3687 eadem
1184 3624 1315 3688 Unione
1348 3646 1459 3710 prope
1490 3625 1554 3690 400
1581 3643 1596 3684 e

474 3729 653 3812 praedietis
684 3728 911 3793 sacerdotibus
937 3729 1208 3814 subscripserint:
1242 3731 1327 3792 inter
1353 3752 1443 3815 quos
1468 3731 1597 3797 eminuit

476 3834 577 3898 frater
599 3836 716 3900 Petrus
731 3835 939 3917 Parthenius,
964 3836 1117 3899 sacerdos
1142 3835 1313 3920 religiosus
1334 3835 1484 3904 Ordinis
1507 3863 1532 3902 a,
1546 3837 1594 3901 Ba-

474 3941 553 4022 silii,
580 3964 707 4006 morum
732 3953 764 4006 et
787 3944 876 4006 vitae
902 3944 1089 4027 integritate
1114 3944 1326 4028 perspicuus,
1352 3955 1386 4006 et
1413 3947 1596 4032 cognitione

474 4071 583 4113 rerum
618 4047 915 4113 ecclesiasticarum
944 4050 1044 4135 juxta
1077 4051 1224 4134 ipsorum
1251 4051 1354 4114 ritum
1389 4065 1427 4115 et
1459 4051 1595 4138 lingum

475 4154 677 4219 sufficienter
702 4156 857 4239 imbutus,
883 4156 1022 4241 proinde
1056 4154 1184 4220 sublato
1218 4178 1260 4219 ex
1292 4154 1356 4219 hac
1382 4160 1460 4223 vita
1485 4155 1595 4224 Basilio

474 4262 701 4340 Taraszovics,
726 4263 935 4327 schismatico
961 4263 1125 4348 Episcopo
1150 4261 1343 4344 Munkacs„
1378 4263 1536 4353 plerique
1560 4282 1596 4326 ex

510 4513 530 4582 ¹)
550 4515 695 4563 Exhibetur
713 4515 791 4563 etiam
812 4516 882 4578 apud
903 4515 1132 4572 Dulishovics,
1151 4513 1167 4561 1.
1189 4528 1212 4563 c.
1231 4528 1277 4576 pp.
1299 4524 1456 4576 111-113.

507 4592 530 4661 ²)
551 4596 654 4642 Literae
674 4595 858 4643 collationsles
877 4597 1045 4659 episcopatus
1065 4594 1203 4658 expeditae
1228 4592 1354 4654 leguntur
1373 4595 1401 4645 d.
1427 4608 1470 4650 to.
1492 4597 1596 4646 xenn-

547 4667 602 4714 bris
621 4682 663 4716 an.
687 4667 761 4728 1659.
799 4668 854 4716 Cir.
875 4667 1092 4715 Dulislrovics
1111 4666 1129 4717 l.
1149 4682 1172 4713 c.
1192 4680 1218 4729 p.
1242 4674 1299 4726 115.
