3725 5617
442 618 496 673 388
754 618 785 672 L.
804 619 840 673 Π.
880 619 919 672 De
938 619 1043 674 Unione
1063 620 1252 674 Rumenorum.

445 764 564 827 nostris
597 761 835 848 spiritualibus.
871 801 908 809 —
946 762 1001 826 Ad
1033 762 1116 826 liaeo
1147 773 1262 826 uotum
1287 762 1383 826 vobis
1416 763 1572 842 facimus,

443 870 570 951 fratres,
596 868 760 955 quomodo
786 891 844 932 uos
869 891 991 953 paucos
1015 880 1092 932 ante
1117 869 1187 932 dies
1208 868 1464 932 discesseramus
1489 867 1571 932 hinc

444 977 689 1061 addugustam
712 974 833 1039 Aulam
859 986 992 1060 propter
1015 974 1135 1039 multas
1160 978 1371 1039 necessitates
1394 987 1428 1038 et
1450 998 1574 1039 causas

445 1094 634 1148 sanctarum
668 1084 732 1145 Dei
767 1080 992 1145 eeclesiarum.
1040 1082 1138 1146 Unde
1170 1083 1435 1165 Augustissimus
1468 1084 1570 1168 impe·

446 1201 534 1254 rator
565 1189 608 1253 ab
642 1188 797 1252 omnibus
830 1188 987 1252 oneribus
1018 1211 1077 1252 nos
1101 1188 1261 1267 absolvit,
1298 1201 1330 1252 et
1354 1213 1411 1252 sua
1444 1192 1572 1253 miseri-

447 1296 559 1360 cordia
592 1293 814 1359 obumbravit.
872 1295 971 1358 Porro
1004 1296 1184 1380 respiciens
1223 1294 1375 1379 benignis
1408 1297 1476 1359 suis
1508 1294 1574 1358 alis

448 1403 684 1470 Serenissimus
718 1404 896 1486 imperator
934 1404 1132 1487 perantiqua
1164 1401 1340 1486 privilegia
1375 1412 1501 1478 uostra‚
1539 1415 1572 1465 et

448 1508 653 1592 intelligens,
686 1508 773 1594 quod
806 1519 966 1594 quotquot
990 1507 1174 1572 Comitatus
1206 1523 1237 1571 et
1261 1508 1447 1594 liparchiae
1481 1511 1573 1572 iuve-

448 1618 585 1681 niuntur
610 1618 641 1680 iu
666 1618 762 1679 terris
787 1617 872 1693 suis,
905 1638 987 1700 eluas
1011 1615 1277 1699 praedecessores
1303 1619 1352 1678 sui
1387 1637 1453 1701 qua
1476 1639 1575 1700 reges

448 1723 679 1810 possidebant,
716 1722 761 1785 illi
789 1721 973 1786 Comitatus
1007 1734 1039 1785 et
1061 1723 1249 1808 Eparclriae
1282 1723 1494 1808 dependeant
1528 1722 1575 1787 ab

448 1831 624 1916 Episcopis
655 1828 934 1893 Transilvanieis:
971 1829 1095 1893 ideireo
1126 1829 1198 1893 illos
1231 1829 1414 1894 Comitatus
1445 1852 1574 1908 ornnes,

449 1947 561 2024 utpote
586 1937 815 2000 Biliariensem
849 1936 893 1998 ibi
920 1936 1080 1999 Varadiui
1115 1947 1147 1999 et
1178 1936 1252 2000 aliis
1276 1939 1310 2000 in
1335 1936 1485 2022 partibus
1510 1951 1576 2000 tra-

450 2045 535 2109 didit
559 2043 620 2108 sub
639 2042 873 2129 jurisdictione
897 2053 929 2105 et
953 2042 1143 2107 obedientia
1168 2054 1278 2106 nostra
1299 2043 1488 2128 lliplomate
1513 2067 1576 2108 suo

450 2152 627 2217 mediante.
674 2151 860 2236 Eupropter
894 2150 1090 2213 mandamus
1125 2151 1401 2214 Fraternitatilius
1434 2150 1575 2224 Vestris,

450 2261 695 2346 quamprimum
721 2257 807 2321 haue
832 2268 976 2321 nostram
1003 2259 1199 2341 scripturam
1225 2260 1415 2342 accipietis,
1441 2280 1576 2342 congre-

449 2369 616 2450 gationem
641 2366 780 2442 faciatis,
805 2377 837 2427 et
862 2367 1078 2449 vosmetipsos
1102 2364 1333 2434 subscribatis,
1359 2376 1390 2427 et
1413 2363 1577 2448 sigilletis,

451 2474 529 2560 quia
561 2495 620 2536 uos
651 2473 721 2536 l)eo
748 2472 890 2557 juvante
922 2473 1007 2534 intra
1039 2471 1139 2535 breve
1171 2483 1300 2555 tempus
1332 2493 1369 2534 eo
1402 2474 1580 2534 veniemus

450 2579 493 2644 ad
517 2602 569 2643 res
593 2601 706 2642 omnes
732 2577 848 2641 melius
873 2577 1119 2663 componendas
1142 2576 1184 2640 ad
1208 2579 1448 2641 incrementum
1474 2578 1577 2642 eecle-

452 2689 574 2750 siarum
599 2696 632 2749 et
655 2684 913 2749 emolumentum
929 2683 1245 2747 Ecclesiastieoruiu.
1286 2684 1487 2770 Scripsimus
1513 2685 1577 2749 hac

453 2792 493 2857 de
518 2815 552 2855 re
568 2791 791 2872 llagnitudini
809 2812 940 2876 quoque
956 2791 1042 2854 Suae
1060 2791 1223 2875 Episcopo
1241 2791 1457 2870 Varadiensi3
1483 2814 1576 2876 prae·

453 2900 604 2963 misimus
627 2899 726 2961 etiam
752 2897 880 2961 fidelem
908 2908 1054 2960 nostrum
1079 2896 1279 2980 logothetam
1304 2899 1488 2978 doanncrn,
1518 2901 1577 2984 qui

454 3006 549 3070 vobis
584 3015 714 3069 caetera
750 3003 927 3068 enarrabit.
958 3043 1000 3050 -
1030 3003 1203 3067 (faieterruu
1243 3027 1306 3067 non
1344 3007 1506 3082 venisset,
1543 3008 1576 3069 ni

454 3113 690 3176 Fraternitates
705 3112 844 3174 Vestrae
871 3133 929 3173 uos
954 3113 1044 3196 prius
1069 3114 1327 3196 (liraesivisseun
1353 3134 1454 3195 qriaue
1477 3113 1581 3175 tiuitis

454 3219 499 3284 ibi
526 3217 681 3283 finiendis
708 3217 794 3281 illico
819 3217 884 3281 huc
909 3218 952 3281 ad
977 3241 1036 3281 uos
1054 3220 1167 3280 venire
1192 3217 1273 3281 nulli
1289 3217 1476 3301 negligatis.
1517 3219 1582 3281 llis

454 3328 525 3390 sitis
550 3325 726 3389 benedieti.

545 3467 721 3532 Dabuntur
745 3466 955 3531 Alba-duliae
979 3469 1032 3530 20.
1056 3467 1137 3530 Julii
1166 3469 1261 3530 litll.

850 3618 1190 3703 Archiepiscopus
1214 3616 1469 3682 Athanasius.

501 3762 786 3849 (Duliskovies,
814 3741 906 3844 (berry
931 3760 1170 3844 repro-rasabal.
1197 3759 1268 3826 ΙΙΙ..
1294 3780 1325 3843 p.
1353 3759 1418 3840 18.)

492 4067 511 4133 ¹)
533 4071 563 4116 lu
583 4068 660 4116 Actis
680 4082 817 4130 processus
836 4066 996 4129 inquisitorii
1016 4065 1048 4112 de
1067 4064 1199 4127 episcopis
1215 4061 1497 4110 Mdramarosiensibus
1517 4077 1585 4109 con·

530 4140 593 4187 lecti
606 4154 675 4186 anno
691 4149 754 4199 1725
770 4137 867 4196 (relatis
881 4137 950 4200 apud
963 4135 1192 4188 Dulislrovics,
1206 4149 1249 4196 op.
1264 4135 1316 4186 cit..
1330 4135 1388 4186 lli..
1407 4147 1452 4196 pp.
1464 4132 1588 4198 63-73)

530 4211 626 4258 dicitur
652 4209 777 4258 Basilio
798 4208 1015 4256 'l'araszovics
1039 4207 1251 4268 (1634-1048),
1281 4205 1422 4265 interseras
1449 4205 1586 4266 aliquibus

530 4283 695 4342 remibunda·
723 4281 874 4342 Episcopus,
903 4280 1060 4326 successisse
1087 4276 1282 4341 joannicius
1307 4275 1435 4337 zekany
1464 4271 1585 4341 (ttr58-

534 4352 627 4415 1684),
656 4353 798 4415 ermu'cr'a
824 4358 910 4398 irritem
936 4350 1101 4414 Josephus
1121 4347 1249 4408 Stojlra.
1280 4363 1357 4409 quem
1382 4345 1435 4407 jam
1462 4348 1587 4394 norimus

531 4424 701 4487 exsuperius
726 4423 814 4470 allatis
839 4438 880 4485 pp.
903 4423 1043 4480 aod-zor)
1069 4419 1161 4480 (ibid.
1182 4434 1207 4480 p.
1228 4417 1281 4480 70).
1319 4418 1371 4466 Sed
1391 4417 1510 4478 legatur,
1539 4421 1587 4482 qui

532 4497 570 4545 de
590 4496 756 4556 emendandis
774 4497 830 4540 r'str's
848 4493 935 4554 graeci
955 4493 1018 4540 ritus
1033 4493 1169 4553 Episcopo·
1187 4490 1301 4536 breviter
1319 4489 1425 4552 quidem
1445 4489 1491 4536 scd
1506 4503 1588 4536 accu-

531 4577 587 4617 rate
613 4567 729 4629 disputat
752 4569 836 4614 Rmus
867 4567 898 4612 D.
920 4564 1061 4612 blondel
1088 4563 1114 4610 in
1135 4563 1321 4608 abdemium-mo
1346 4559 1446 4608 ibidem
1472 4560 1590 4608 anobis

532 4640 612 4689 citato
632 4654 676 4703 pp.
697 4649 810 4700 21-24‚
834 4637 971 4699 147-148
991 4643 1018 4682 et
1040 4635 1187 4682 too-162.
