3725 5617
766 648 852 703 Index
870 648 1035 717 synoptious.

369 879 422 947 Cep
436 879 466 934 11.
494 880 589 935 Pteoes
608 880 755 935 Athanasii
774 881 922 935 adoleatis
941 881 1053 937 arbitris
1072 883 1244 951 dijudicatae

488 969 511 1038 5.
532 972 554 1023 1.
583 968 705 1024 Libellus
724 969 870 1024 Athanasii
889 970 1006 1026 Primeti
1026 970 1133 1026 oblatus

487 1059 510 1128 ὅ.
529 1061 555 1115 2.
584 1058 695 1114 Judicia
713 1059 870 1128 peritorum.

578 1150 723 1205 Sententia
742 1150 932 1219 theologorum
950 1151 1147 1207 Viennensium

578 1240 689 1294 Literae
708 1240 739 1294 N.
761 1240 789 1296 C.
810 1238 977 1308 Papadopoli
1038 1283 1044 1294 .

578 1328 689 1385 Literna
708 1330 733 1385 J.
754 1330 884 1385 Caschodi
903 1331 928 1385 S.
948 1330 975 1386 J.
1039 1376 1042 1382 .
1119 1374 1123 1383 .

578 1418 690 1474 Literae
709 1419 742 1475 G.
761 1420 840 1474 Card.
861 1420 981 1474 Comaro
1037 1464 1042 1473 .

362 1510 421 1581 Cep
437 1514 481 1570 IIL
508 1517 596 1570 Causa
615 1518 650 1571 ad
669 1518 763 1572 Sedem
781 1518 967 1586 apostolicam
986 1519 1086 1573 delata.

489 1606 511 1676 §-
533 1610 555 1660 l.
585 1607 744 1662 Relationea
761 1608 805 1662 Fr.
827 1608 905 1663 Card.
924 1607 1077 1663 Barberini.

578 1696 665 1750 Biuae
683 1696 802 1765 ejusdem
820 1695 918 1752 literae
1014 1691 1017 1698 '
1280 1742 1283 1750 .

487 1784 510 1853 ἦ.
529 1786 554 1839 a.
580 1787 725 1863 Decretum
743 1803 763 1840 s.
783 1786 973 1853 Inquisitionis
1034 1831 1039 1841 .
1115 1830 1121 1841 .
1197 1829 1201 1840 .
1277 1832 1281 1840 .

490 1873 512 1943 ἕ.
531 1874 556 1928 3.
583 1875 733 1929 Desistit-ur
752 1892 768 1928 a
787 1877 972 1943 prosequenda
990 1876 1134 1931 instantia.

578 1964 687 2018 Relatio
706 1964 733 2020 J.
752 1965 783 2019 B.
803 1980 862 2020 can,
881 1966 980 2020 Stortii
998 1966 1032 2021 de
1049 1966 1117 2020 fatis
1136 1966 1241 2021 Causae
1279 2008 1284 2018 .
1416 1966 1471 2021 110

754 2180 949 2244 Quaestio
968 2181 1036 2237 111.

418 2289 481 2359 Quid
498 2293 684 2346 missioicuriie
705 2295 777 2346 inter
798 2295 954 2348 Orieutuiee
974 2296 1170 2349 laborantibus
1188 2296 1397 2365 praecipitasti

781 2385 981 2438 obsercroudrcm
991 2383 1006 2437 Β

490 2515 513 2586 §-
533 2518 557 2571 1.
583 2516 690 2571 Selecte
708 2517 839 2583 quaedam
858 2525 960 2586 puncta
978 2516 1157 2573 schismaticis
1182 2517 1216 2571 ad
1236 2518 1285 2572 Eo-

622 2605 731 2660 clesiam
750 2606 910 2660 catholicam
928 2606 1058 2660 redituris
1077 2605 1238 2675 explicanda
1276 2649 1281 2659 .
1320 2606 1469 2662 ill-113

488 2693 511 2764 ἕ.
531 2695 556 2750 2.
581 2695 622 2748 De
647 2694 704 2749 ritu
729 2696 871 2750 orientalis
895 2695 1024 2750 ecclcsiae
1043 2696 1072 2750 in
1094 2712 1145 2750 sua
1163 2696 1285 2763 puritate

614 2786 746 2838 servando
792 2827 1282 2840 .......
1322 2785 1469 2839 113-114

580 2874 620 2927 De
640 2874 743 2943 regulis
762 2874 939 2928 missiouariis
952 2874 977 2929 S.
991 2874 1016 2929 J.
1030 2890 1063 2929 ee
1082 2874 1115 2928 de
1131 2889 1160 2928 re
1173 2890 1189 2927 a
1203 2874 1285 2928 Prae-

615 2964 712 3031 positis
731 2963 907 3018 Generalibus
926 2963 1102 3032 praescriptis
1195 3005 1200 3017 .
1276 3005 1281 3016 .
1322 2964 1468 3019 llo-116

488 3053 512 3123 ξ.
532 3052 557 3106 3.
583 3053 625 3108 De
643 3053 776 3108 erroribus
796 3053 959 3108 Graecorum
978 3053 1217 3107 schismaticorum.

581 3149 617 3194 A.
637 3143 785 3210 catalogus
804 3159 924 3198 errorum
943 3141 1110 3198 eSirmondo
1129 3142 1287 3209 desumptus
1326 3141 1468 3196 116-119

585 3231 617 3286 Β.
637 3232 785 3301 Catalogus
804 3247 924 3286 erronum
944 3247 976 3286 ex
996 3230 1108 3285 Oriente
1127 3230 1228 3284 allatus
1281 3273 1286 3284 .
1327 3232 1472 3285 119-120

586 3323 616 3377 C.
636 3321 748 3375 Errores
782 3321 930 3390 dogmatici
961 3335 1089 3387 expresse
1120 3319 1287 3388 professione

642 3411 781 3479 rejiciendi
898 3427 903 3434 ·

417 3817 469 3866 De
489 3816 627 3865 historie
646 3816 784 3865 Unionia
803 3815 957 3866 ecclesias
975 3815 1196 3865 Romanorum
1214 3826 1288 3864 oum
1307 3812 1387 3863 Sede

805 3904 1001 3965 apostolica.

489 4041 670 4097 Introductio.
691 4071 723 4081 -
744 4042 906 4111 Prospectus
925 4041 1057 4096 materiae
1077 4041 1244 4095 tractandae.

355 4151 408 4205 sp.
429 4134 453 4188 Ι.
495 4132 537 4186 De
557 4130 687 4186 Patribus
712 4132 856 4187 Societatis
874 4133 942 4187 Jesu
966 4131 995 4185 in
1015 4132 1116 4201 Magno
1133 4131 1293 4198 Principatu

486 4221 707 4276 ihansilvaniae

487 4312 512 4384 ς.
535 4313 560 4365 1.
587 4310 627 4365 De
647 4309 800 4364 conditione
813 4309 959 4364 Societctis
971 4308 1038 4363 Jesu
1058 4309 1086 4363 in
1099 4308 1292 4363 Transilvauia

583 4407 651 4453 ante
675 4399 755 4468 hujus
778 4398 935 4467 provinciae
953 4397 1071 4452 reditum
1096 4397 1129 4451 ad
1149 4396 1290 4463 antiquam

583 4488 714 4542 ditionem
733 4488 831 4542 Sacrae
851 4487 972 4542 Coronae
990 4503 1007 4540 a
1037 4488 1114 4542 1688.

534 4579 557 4633 1.
578 4578 620 4632 De
646 4577 780 4646 longaevo
799 4576 946 4632 societatis
971 4576 1125 4645 apostolatu
1150 4576 1179 4629 in
1207 4575 1293 4629 Trau-

580 4666 701 4721 silvania
798 4704 1289 4721 .......
1327 4660 1480 4728 rar-130
