3725 5617
581 664 620 718 De
639 664 805 734 principibus
824 665 976 719 lloldaviae
995 666 1024 719 in
1042 666 1126 720 Tiroli
1146 668 1288 721 defunctis.
1385 683 1390 709 i
1445 669 1499 724 987

366 821 427 860 non
445 805 580 861 mentitur
597 805 682 861 bonus
700 806 747 861 illc
766 810 795 860 et
812 807 941 862 candidus
960 809 1098 875 princeps,
1117 810 1163 863 sed
1182 809 1271 864 animo
1290 810 1360 875 fido,
1384 812 1500 880 simplici

362 899 402 949 -et
420 894 565 949 devotione
583 896 663 963 pleno
682 895 848 964 obsequitur.

445 993 547 1048 Datum
565 994 716 1048 Varsaviae
734 994 875 1048 Dominica
894 994 1040 1049 conductus
1060 995 1203 1063 Paschae)
1224 995 1302 1052 1589.

408 1081 577 1149 (Theium,
596 1097 623 1151 p.
643 1084 700 1152 91.)

512 1270 536 1325 2.
567 1275 610 1322 Ex
630 1273 742 1322 literis
761 1273 905 1337 ejusdem
925 1276 963 1323 ad
984 1276 1174 1337 Gregorinm
1195 1278 1254 1328 ΡΡ.
1275 1277 1363 1325 XIV.

401 1419 404 1426 ·
514 1395 626 1462 (Petrus
655 1395 807 1450 lloldaviae
834 1395 960 1464 princeps
988 1397 1058 1450 ritus
1085 1396 1177 1466 graeci
1206 1413 1223 1450 a
1250 1397 1327 1451 Sixto
1355 1397 1431 1465 Papa
1453 1398 1497 1460 Vr

371 1482 570 1538 humanissimo
595 1500 722 1552 responso
741 1491 864 1552 accepto,
893 1486 935 1540 ita
960 1487 988 1539 in
1013 1486 1081 1540 bono
1099 1503 1148 1540 suo
1172 1486 1301 1541 instituto
1325 1486 1498 1541 confirmatus

367 1578 424 1637 est,
444 1576 477 1626 nt
494 1572 547 1627 nisi
566 1572 651 1627 variis
670 1573 796 1641 periculis
815 1580 844 1627 et
862 1574 1060 1642 impedimentis
1079 1575 1248 1644 gravissimis
1266 1576 1413 1643 implicitus
1432 1575 1498 1630 fuis·

369 1666 426 1725 set,
446 1660 529 1714 etiam
547 1677 596 1728 per
613 1661 735 1730 proprios
754 1662 864 1716 nuutios
883 1662 1064 1718 obedientiam
1082 1680 1158 1719 suam
1171 1664 1240 1719 Suae
1254 1664 1403 1719 Sanctitati
1421 1680 1498 1732 prae-

370 1749 501 1805 stitisset
539 1750 719 1818 Quaecunque
738 1767 802 1805 vero
821 1751 931 1805 tandem
950 1769 1000 1807 sua
1018 1751 1128 1807 fortuna
1147 1752 1209 1818 fuit,
1228 1758 1385 1807 constanter
1402 1753 1431 1807 in
1449 1769 1498 1807 suo

370 1838 512 1906 proposito
531 1840 726 1906 perseveravit.
747 1881 795 1896 ...
825 1841 962 1909 Operariis
981 1845 1132 1910 crotopus.
1153 1883 1202 1898 ...

445 1945 555 2014 Leopoli
574 1950 600 2001 4.
622 1946 723 2014 Aprilis
743 1949 821 2002 1591.
953 1947 1119 2015 (Thamar,
1139 1964 1164 2016 p.
1186 1948 1255 2016 193.)

416 2134 443 2186 3.
472 2137 516 2183 Ex
535 2137 645 2185 literis
665 2137 845 2185 Clementis
868 2140 926 2188 ΡΡ.
949 2140 1038 2186 VIII.
1059 2138 1097 2186 ad
1116 2139 1297 2201 principem
1320 2140 1449 2186 Petrum

867 2227 1000 2277 exulem.

456 2351 601 2420 liciturum
624 2351 727 2398 (Ἰνὼ-[ιι
740 2352 811 2413 filzia,
832 2352 922 2398 Nobili
938 2368 1005 2412 vtro,
1027 2354 1102 2399 Petro
1122 2355 1274 2400 jloldaau'ue
1288 2354 1415 2414 prr'ncipi.

446 2462 569 2516 Clemens
587 2462 641 2519 ΡΡ.
663 2463 737 2517 Vlll.
759 2463 863 2517 llilccte
876 2462 934 2528 iili,
954 2463 1058 2517 Nobilis
1077 2464 1132 2529 vir,
1155 2464 1271 2519 salutem
1291 2469 1321 2518 et
1339 2468 1498 2532 perpetuam

366 2569 432 2606 curu
451 2558 547 2606 saneta
570 2558 598 2605 et
617 2552 739 2606 Romana
759 2552 879 2606 Ecclesia
903 2553 1128 2621 conjunctionem.
1166 2554 1208 2607 Ex
1233 2553 1321 2608 literis
1341 2554 1395 2607 tuis
1414 2559 1498 2618 atque

369 2656 405 2695 ex
424 2651 546 2696 sermone
571 2642 663 2695 dilecti
690 2642 738 2695 filii
760 2642 871 2695 Antonii
890 2643 986 2707 Bruti,
1015 2642 1057 2696 oni
1083 2658 1128 2696 eas
1148 2643 1242 2697 literas
1267 2649 1295 2697 et
1314 2643 1444 2697 mandata
1462 2641 1496 2694 ad

365 2747 418 2785 nos
438 2731 563 2797 dederas,
583 2731 771 2799 cognovimus,
791 2745 871 2797 quam
890 2732 1044 2799 praestanti
1063 2732 1205 2786 voluntate
1223 2733 1274 2798 sis,
1294 2731 1444 2798 quibusque
1461 2729 1494 2783 de

362 2819 458 2873 nausis
482 2819 575 2887 cupias
600 2819 635 2873 ad
653 2836 700 2872 nos
720 2819 821 2874 venire.
859 2821 983 2874 Fuerunt
1010 2819 1059 2874 illa
1076 2824 1167 2875 omnia
1191 2821 1268 2875 nobis
1290 2819 1493 2889 jucundissimo.

365 2907 499 2962 Libenter
517 2914 546 2962 te
564 2908 723 2974 videbimus,
742 2909 957 2976 accipiemusque
976 2918 1099 2964 amanter
1118 2916 1200 2977 atque
1218 2910 1363 2964 honorifica
1382 2917 1410 2962 et
1425 2924 1493 2962 conr·

365 2996 526 3050 mandatum
545 2995 714 3062 habebimus,
742 3002 775 3050 ut
793 3013 843 3064 par
861 3002 917 3062 est,
946 2998 1035 3052 virum
1053 2999 1108 3052 ista
1126 3000 1269 3053 voluntate
1293 2998 1446 3066 praestanti
1465 3003 1494 3051 et

365 3086 428 3139 loco
447 3084 606 3152 praeditum.
646 3086 718 3139 Deus
737 3086 894 3140 benedictus
913 3087 1095 3153 amplectatur
1113 3088 1258 3155 foveatque
1276 3094 1305 3142 te
1323 3105 1372 3141 suu
1391 3088 1492 3156 gratia.

442 3173 543 3227 Datum
568 3174 668 3228 Rornae
694 3175 764 3241 apud
790 3182 914 3229 sanctum
935 3176 1053 3229 ¹Petrum
1084 3176 1133 3230 sub
1158 3177 1257 3231 annulo
1282 3177 1425 3245 piscatoris
1450 3176 1493 3229 die

361 3262 411 3317 23.
433 3262 534 3330 Aprilis
555 3263 631 3327 1592,
651 3264 831 3317 Pontificatus
849 3265 936 3318 nostri
956 3280 1026 3318 auno
1046 3265 1139 3332 primo.
1186 3265 1354 3334 (Tbciner,
1374 3283 1400 3333 p.
1419 3265 1492 3334 209.)

486 3476 522 3533 be
541 3478 667 3533 Patribus
686 3479 835 3535 Societatla
854 3481 915 3535 lesu
936 3480 959 3534 ln
981 3481 1083 3548 partam
1104 3479 1222 3534 laborum
1242 3480 1376 3535 admissio.

442 3784 490 3800 ...
511 3743 604 3800 lllmis.
625 3744 761 3798 cardinali
781 3745 981 3799 Aldobrarrdiuo
1000 3749 1029 3798 et
1043 3745 1147 3813 Legatc
1167 3744 1280 3798 Sanctae
1300 3743 1374 3797 Sedis
1393 3759 1492 3811 urgen-

364 3831 456 3898 tibus,
476 3837 506 3887 ot
524 3848 566 3887 mo
585 3840 692 3899 orante,
716 3834 745 3887 in
764 3834 928 3887 lloldaviam
948 3835 1044 3887 Patres
1063 3833 1207 3887 societatis
1225 3833 1292 3886 Jesu
1310 3832 1414 3899 aliquot
1433 3847 1492 3900 pro·

365 3920 435 3976 fecti
455 3928 585 3990 tanquam
604 3938 704 3976 norum
722 3923 812 3976 lumen
832 3922 887 3976 illis
907 3922 1029 3990 partibus
1048 3922 1210 3976 intulerunt.

509 4103 535 4153 2.
566 4101 612 4153 Eu
631 4101 720 4154 literis
739 4100 864 4167 ejusdem
883 4101 979 4153 citatis
999 4101 1036 4153 ad
1058 4099 1140 4154 θανά.
1162 4101 1343 4153 Martialium.

508 4223 683 4279 Reverendus
708 4226 738 4278 P.
758 4225 909 4280 Stauislaus
929 4224 1122 4279 Warsacwicki
1147 4223 1293 4278 societatis
1310 4223 1417 4294 desub,
1446 4224 1491 4290 qui

364 4312 467 4368 iratres
485 4329 547 4367 snos
573 4314 601 4367 in
620 4314 782 4369 lloldariam
808 4312 971 4379 deducebat,
999 4321 1028 4367 et
1046 4330 1106 4368 oum
1125 4312 1246 4382 principe
1265 4312 1323 4380 ipso
1351 4329 1440 4367 coram
1459 4314 1491 4366 de

366 4445 576 4452 -—--—----

383 4519 420 4584 ἰ)
440 4523 477 4571 H.
497 4538 520 4571 e.
541 4501 682 4571 Dominica
701 4522 726 4569 in
743 4521 831 4575 Albis.
862 4523 918 4572 Cir.
938 4522 1138 4571 Kolendarii
1157 4528 1174 4571 t.
1196 4533 1228 4582 2,,
1248 4535 1292 4583 pp.
1312 4530 1363 4578 333
1384 4526 1409 4566 et
1429 4530 1490 4581 342.

399 4592 419 4658 ¹)
439 4595 480 4643 De
500 4609 597 4656 magno
616 4593 667 4642 hoc
690 4594 739 4642 Dei
758 4608 833 4642 servo
852 4594 913 4642 ride
934 4593 1123 4656 Alegambe‚
1144 4593 1303 4640 Bibliotheca
1324 4592 1492 4651 Scriptorum

439 4665 466 4716 S·
486 4667 526 4730 J„
546 4681 570 4729 r·
591 4677 651 4728 424·
749 4703 753 4711 -
