3725 5617
367 638 419 694 722
695 636 726 690 L.
745 636 794 691 lV.
832 636 871 689 De
890 634 996 690 Unione
1014 633 1162 687 Serborum.

366 782 579 848 residentiam
604 780 835 846 Sabariensem
859 800 917 842 suo
945 777 1131 857 schismati,
1156 797 1195 839 ac
1223 774 1409 840 rebellioni
1432 797 1502 863 pro·

367 891 600 977 portionatam.
647 886 803 951 Ulteriori
827 886 1039 950 Eminentiae
1054 884 1192 947 Vestrae
1216 881 1288 946 nelo
1313 886 1502 968 praemissa

366 994 595 1085 promovenda
627 995 673 1058 ita
704 1015 885 1079 pauperem
924 991 1011 1056 hanc
1045 992 1201 1076 patriam,
1238 1012 1318 1054 cum
1359 990 1502 1056 ecclesis

368 1102 451 1168 mihi
476 1103 661 1181 commissa,
685 1110 718 1164 et
733 1122 786 1164 me
802 1097 987 1163 humillime
1009 1096 1222 1177 commendo3
1248 1097 1414 1163 Eandem
1431 1099 1503 1164 Deo

368 1219 402 1274 et
424 1210 496 1296 ejus
519 1207 688 1272 Ecclesiae
713 1207 903 1271 felicissime
927 1205 1037 1270 valere
1061 1205 1199 1290 cupiens

768 1352 882 1395 servus
906 1330 1111 1394 humillimus
1134 1340 1167 1392 ct
1190 1328 1463 1412 obligatissimus

458 1447 586 1537 (Ibid.)
874 1446 1070 1511 Martinus
1093 1443 1335 1510 Borkovich.

441 1795 533 1848 Biaoe
552 1794 648 1847 literae
667 1792 746 1846 electi
764 1792 900 1861 Episcopi
919 1793 1015 1846 ilorci
1033 1793 1167 1846 Zorclvich
1186 1792 1224 1845 od
1245 1790 1434 1847 Cordirmlcm

833 1900 851 1935 a
870 1883 1029 1936 Kolloaich.

523 2025 795 2089 Eminentissime
818 2047 857 2089 ac
880 2024 1169 2088 Reverendissime
1192 2025 1356 2106 Domine,

408 2131 551 2195 Patrone
575 2128 831 2214 Gratiosissime,
856 2130 994 2226 salntem
1019 2141 1052 2194 et
1076 2133 1287 2195 servitiorum
1312 2152 1469 2195 meorum

769 2238 1101 2302 commendationem.

461 2379 606 2444 Abunde
630 2401 737 2464 nuper
760 2381 939 2463 exageravi
964 2402 1054 2443 meae
1079 2381 1241 2460 miserias,
1267 2402 1359 2465 quae
1384 2379 1427 2444 de
1450 2377 1499 2443 die

373 2488 408 2550 in
441 2485 529 2550 diem
562 2487 667 2570 magis
698 2496 730 2549 et
757 2488 863 2571 magis
893 2496 1167 2570 augmentantur,
1202 2495 1301 2572 prout
1333 2497 1369 2551 et
1399 2485 1498 2551 literis

371 2592 653 2657 Reverendissimi
687 2591 824 2656 Domini
859 2592 1015 2678 Episcopi
1046 2593 1279 2677 Zagrabiensis
1313 2593 1498 2676 intelligere

373 2698 497 2779 licebit,
520 2721 601 2784 quas
618 2698 837 2762 infallibiliter
852 2699 915 2763 hac
931 2709 1025 2784 posta
1040 2699 1084 2763 ad
1100 2700 1328 2764 Eminentiam
1347 2701 1497 2765 Vestrum

373 2806 509 2889 diriget,
546 2805 687 2891 qualiter
721 2804 866 2889 calugeri
898 2809 1089 2870 monasterii
1114 2805 1336 2872 Gomiriensis
1368 2810 1404 2872 in
1428 2829 1498 2871 con·

372 2913 462 2977 liniis
487 2911 640 2976 Oroatiae
671 2912 819 2994 fundati,
852 2934 966 2977 omnes
989 2916 1185 2999 praecipuos
1210 2913 1380 2979 Valachos
1405 2912 1498 2979 confi·

372 3020 502 3084 nicrum
534 3018 714 3082 eorundem
739 3021 947 3104 corruperint
980 3031 1012 3083 et
1042 3022 1197 3106 expetitis
1225 3021 1413 3086 eorundem
1445 3042 1499 3108 per

371 3128 581 3212 propriorum
595 3123 777 3210 sigillorum
788 3128 1035 3211 appressionem
1046 3126 1377 3192 recommendatoriis
1387 3127 1498 3206 literis,

372 3231 540 3296 Viennam
570 3232 612 3295 ad
644 3254 737 3295 suam
766 3232 973 3316 lllajestatem
1005 3233 1285 3318 Angustissimum
1318 3236 1499 3301 ascendere

372 3347 406 3404 et
428 3338 603 3404 sollicitare
627 3361 720 3402 meae
751 3337 937 3404 collationis
961 3340 1234 3404 annihilationem
1266 3350 1298 3403 et
1324 3343 1500 3428 cujusdam

372 3446 576 3510 schismatici
601 3444 742 3508 adeam
766 3448 1015 3530 promotionem.
1057 3446 1185 3510 Idcirco
1206 3449 1269 3510 ista
1285 3447 1501 3515 Eminentius

372 3551 512 3617 Vestrae
536 3560 614 3615 nota
638 3574 709 3615 esse
726 3551 816 3616 volui
841 3563 873 3616 et
888 3554 1121 3617 commendata
1145 3565 1181 3616 ut
1200 3556 1366 3639 praevisis
1386 3578 1500 3621 eorun-

373 3659 448 3724 dem
473 3659 608 3723 nefariis
625 3658 799 3722 conatibus
823 3659 1057 3724 industriosius
1077 3660 1252 3744 invigilare
1276 3664 1400 3745 possit,
1427 3685 1500 3729 nam

372 3768 528 3852 praevisa
551 3775 583 3829 et
607 3766 770 3850 praescita
794 3765 934 3830 vulnera
968 3769 1077 3830 minus
1101 3767 1240 3848 feriunt3
1272 3768 1332 3832 sed
1357 3779 1392 3833 et
1417 3773 1500 3857 prin·

374 3874 471 3957 cipiis
505 3882 554 3935 est
586 3871 803 3954 obstandum,
840 3896 881 3937 ne
917 3895 988 3937 sero
1014 3874 1180 3937 medicina
1203 3883 1321 3959 parata
1355 3876 1501 3944 deficiat.

372 3978 432 4042 Ille
456 3978 589 4062 caluger
613 3979 769 4043 omnibus
793 3979 1006 4063 possibilibus
1023 3981 1129 4045 modis
1144 3981 1443 4050 Eminentiseimae
1465 4005 1501 4048 ac

371 4085 684 4150 Reverendissimac
718 4086 946 4149 Dominationi
972 4088 1011 4150 V.
1046 4098 1258 4173 conspectum
1293 4090 1408 4156 vitare
1441 4102 1500 4157 stn-

374 4191 483 4274 debit;
514 4215 580 4256 non
605 4195 693 4256 enim
724 4192 816 4256 illurn
848 4192 944 4274 latet,
981 4195 1206 4259 Eminentiam
1231 4195 1389 4262 Vestram
1423 4198 1500 4264 mihi

373 4277 589 4385 patrocinari3
621 4322 737 4362 verum
767 4311 894 4364 astutae
926 4300 1018 4385 vulpi
1051 4304 1219 4385 ingeniose
1256 4302 1370 4388 laquei
1404 4327 1500 4393 appo

373 4406 475 4471 nendi
498 4417 583 4488 sunt,
608 4429 693 4492 quae
718 4408 745 4469 si
769 4407 974 4491 apprehendi
999 4411 1133 4493 poterit,
1159 4420 1254 4473 caute
1278 4409 1500 4479 dimittendus

374 4514 446 4579 erit.
491 4511 551 4576 Ille
582 4514 670 4576 enim
703 4515 814 4577 omnia
842 4516 987 4579 confinia
1015 4514 1167 4579 Oroatiae
1198 4527 1231 4579 et
1260 4529 1375 4602 partes
1409 4522 1499 4587 mari·

373 4621 472 4684 timas
495 4630 610 4684 contra
633 4641 686 4684 me
710 4621 879 4702 incitavit,
908 4623 944 4685 in
968 4632 1096 4686 tantum
1120 4623 1209 4708 quod
1232 4623 1346 4689 nullus
1371 4649 1419 4694 ex
1441 4629 1498 4695 hoc
1541 4691 1543 4700 .
