3725 5617
365 630 437 682 1030
794 629 823 681 L.
842 627 889 681 Vl.
927 628 1058 696 Parergo„

364 771 489 834 donarii,
508 787 553 825 eos
572 782 662 825 tannen
681 771 794 840 linguae
812 769 931 838 regionis
949 769 1062 838 ignaros
1080 785 1140 825 esse
1158 771 1289 839 penitus;
1313 773 1336 827 si
1354 774 1479 828 munim

365 877 413 930 pro
431 877 508 915 sacro
525 861 710 929 poenitentiae
734 859 867 914 tribunali
891 858 1026 927 expianda
1048 860 1119 924 sint,
1148 860 1177 915 id
1203 860 1257 916 sibi
1278 863 1409 931 egeudm
1430 879 1482 918 eto

365 965 414 1019 per
432 951 623 1018 interpretem
643 965 734 1004 carere
752 964 781 1004 se
798 954 941 1017 praeterea
957 948 1122 1004 dictionibus
1140 951 1244 1006 sacris.
1271 950 1369 1019 quibus
1385 952 1481 1007 aridam

366 1039 493 1094 audiendi
512 1039 588 1093 verbi
607 1038 693 1093 divini
712 1038 810 1093 famem
835 1038 977 1106 expleant;
1003 1038 1132 1094 beneficio
1151 1040 1205 1096 sibi
1224 1047 1337 1097 vertere
1353 1042 1483 1112 singulari.

367 1129 388 1182 ai
409 1144 488 1197 quem
506 1128 652 1196 reperiant,
671 1128 717 1194 qni
736 1127 852 1182 lectione
870 1126 932 1181 libri
952 1127 1104 1196 cujuspiam
1121 1128 1161 1195 pii
1181 1128 1279 1184 diebus
1295 1131 1485 1186 solemnioribus

367 1217 493 1286 populum
512 1216 691 1270 lloldavicnm
716 1223 832 1283 recreet3
861 1231 911 1270 nec
928 1231 1034 1284 sempor
1058 1217 1129 1284 apud
1153 1233 1183 1272 se
1208 1219 1254 1273 vel
1280 1220 1316 1274 ad
1340 1236 1402 1274 aru
1419 1237 1484 1274 saera

367 1306 532 1375 perpetrari;
560 1305 666 1370 deesse,
694 1306 740 1372 qni
770 1310 889 1361 aetatem
908 1306 1041 1360 seniorem
1068 1306 1232 1361 rudimentis
1261 1308 1402 1364 doctrinae
1426 1309 1484 1364 ebr's

367 1395 474 1450 stiauae
493 1395 656 1461 instituant3
682 1409 740 1448 esse
759 1394 848 1462 plnres
867 1409 882 1448 e
901 1394 1047 1459 bleldavis,
1067 1394 1113 1461 qni
1131 1395 1222 1462 proles
1241 1412 1308 1451 snas
1326 1397 1486 1452 sacrofonte

368 1484 513 1553 tingendos
532 1485 640 1539 tradere
659 1491 806 1538 vereantur
823 1483 952 1537 Patribus
971 1483 1064 1538 Italis:
1084 1493 1249 1553 argumento
1269 1501 1329 1542 esse
1347 1487 1485 1555 puellam·

368 1573 506 1627 lioldovia
523 1572 558 1626 ad
577 1572 740 1640 baptismum
765 1565 888 1633 a'rnatre
906 1573 1018 1626 allatam
1046 1575 1138 1640 (quom
1157 1574 1249 1643 digito
1268 1585 1440 1643 praesentem
1455 1577 1488 1631 iu

368 1661 487 1731 dicabat)
518 1661 576 1730 jam
604 1661 712 1716 biennio
741 1663 850 1731 integro
876 1662 947 1716 sacri
981 1661 1083 1716 lavacri
1110 1662 1234 1732 gratiam
1270 1666 1487 1733 praestolantem

369 1765 466 1819 rogare
484 1766 513 1805 se
532 1750 620 1819 igitur
637 1750 765 1819 majorem
783 1751 812 1805 iu
830 1751 945 1816 modum,
964 1751 1103 1806 misereret
1121 1752 1311 1808 missionarios
1329 1755 1422 1823 populi
1433 1755 1488 1809 llol

369 1840 475 1907 devici;
503 1841 601 1895 darent
619 1840 721 1907 aliquid
739 1841 796 1895 suis
814 1856 976 1908 suorumque
996 1840 1144 1907 desideriis,
1162 1842 1298 1910 precibus,
1317 1844 1451 1911 lacrymis
1465 1855 1488 1896 st

369 1930 518 1997 apostolica
535 1945 585 1983 sua
603 1930 730 1984 missione
748 1929 911 1984 afflictorum
930 1929 1032 1984 animos
1054 1937 1216 1987 recrearent
1256 1932 1286 1987 Si
1305 1933 1373 2000 quid
1391 1933 1488 2001 impedi

369 2019 455 2073 menti
474 2018 653 2087 objiciendum
671 2024 825 2074 metuerent
844 2019 955 2074 Patres.
974 2019 1099 2074 daturum
1119 2034 1148 2073 se
1166 2036 1227 2074 cnm
1247 2021 1307 2075 suis
1325 2037 1449 2090 operam.
1463 2033 1489 2074 nt

370 2109 518 2175 impetrata
544 2108 706 2175 aPrincipe
730 2109 811 2163 venia
836 2108 924 2162 obices
949 2123 1040 2162 omnes
1070 2109 1204 2163 tollantur
1229 2109 1380 2178 objiciendi
1406 2111 1489 2164 fores

371 2197 549 2251 missionariis
568 2197 734 2251 lloldavicis.
764 2227 796 2238 -
826 2197 913 2252 llovit
941 2198 994 2251 viri
1022 2197 1102 2266 hujus
1128 2198 1247 2267 genibus
1276 2199 1396 2254 Petrum
1421 2199 1489 2253 sind

371 2287 467 2348 oratio,
496 2287 594 2340 Patres
611 2293 644 2341 nt
662 2304 717 2341 non
736 2287 924 2341 erubescerent.
944 2287 1062 2355 ejusdem
1080 2287 1268 2353 sociorumque
1288 2288 1419 2357 lacrymis
1437 2304 1489 2342 enar

371 2375 531 2442 admissam
563 2378 692 2430 memorie
717 2381 810 2431 tamen
835 2383 990 2444 repetentes
1014 2376 1127 2431 similem
1153 2376 1361 2444 expeditionem
1386 2378 1490 2432 stonum

373 2466 481 2520 illorum
506 2465 752 2520 machinationibus
777 2470 871 2533 optato
900 2472 1000 2520 eventu
1025 2465 1156 2526 esromae,
1184 2481 1243 2520 rens
1268 2473 1430 2534 pertentare
1451 2468 1492 2520 boc

372 2563 492 2623 tempore
510 2555 664 2620 noluerunt,
683 2556 745 2610 dnm
764 2554 926 2609 firmioribus
945 2556 1030 2609 Roma
1049 2553 1191 2622 praesidiis
1207 2557 1319 2610 mnnita
1332 2558 1425 2611 missio
1436 2556 1491 2610 llol·

371 2644 481 2697 daviam
505 2643 596 2698 subire
615 2651 713 2712 posset.
753 2646 828 2700 Unde
853 2661 900 2712 spe
924 2644 1062 2699 rediturae
1087 2644 1238 2698 interram
1264 2645 1341 2700 illam
1369 2645 1491 2700 missionis

373 2732 427 2786 illis
446 2732 528 2797 saeta,
546 2731 654 2801 legatos
673 2733 791 2800 quinque
809 2733 913 2787 dierum
925 2733 1014 2801 spatio
1027 2732 1147 2787 rnissioni
1166 2742 1328 2801 praesentes
1340 2734 1489 2789 dimisernnr

373 2821 468 2875 abluta
491 2822 566 2889 prins
591 2822 795 2876 amissionario
819 2822 909 2889 puella
934 2821 983 2876 illa
1000 2822 1091 2876 bienni
1119 2837 1195 2875 sacro
1212 2821 1395 2890 baptismatis
1419 2823 1491 2877 brun.

373 2911 479 2980 adjecto
504 2912 654 2965 necessario
673 2911 780 2978 parenti
799 2911 904 2977 puellae
929 2916 958 2965 et
977 2911 1087 2978 reliquis
1105 2911 1282 2974 documento,
1311 2911 1391 2966 facta
1408 2912 1490 2965 ulbor-

374 3002 487 3065 tatione,
507 3016 541 3054 ne
560 3000 648 3067 proles
667 3007 754 3060 natas,
775 3016 845 3053 vano
864 3000 910 3054 illo
929 3008 1003 3055 metu
1023 3000 1146 3069 perculsi,
1165 2999 1296 3067 baptismi
1316 3002 1411 3069 gratia
1424 3009 1490 3054 tann·

374 3102 493 3159 tempore
517 3091 641 3158 privatas
661 3090 747 3144 velint
766 3090 904 3157 deinceps,
932 3090 978 3144 sed
1003 3091 1090 3157 prima
1118 3089 1213 3156 quavis
1234 3091 1378 3145 occasione
1401 3092 1487 3144 sistant

372 3179 504 3247 parochis,
523 3195 539 3231 a
558 3194 669 3246 quonum
689 3179 731 3232 nti
751 3178 901 3245 probitate,
921 3179 962 3233 ita
980 3195 1028 3233 nec
1047 3179 1157 3248 linguae
1176 3179 1300 3248 regionis
1320 3181 1419 3248 peritia
1437 3195 1490 3248 psu-

372 3270 451 3322 deret
470 3284 534 3322 vera
553 3267 625 3321 tanti
645 3268 805 3321 sacramenti
825 3268 1034 3322 administratio.
1072 3269 1112 3324 (B.
1133 3268 1161 3326 Ρ,
1182 3268 1215 3321 V.
1241 3271 1350 3322 tatto·

445 3474 493 3525 Ad
512 3489 586 3541 pag.
606 3473 680 3526 564.
700 3502 733 3511 -
754 3472 860 3539 Inclyta
879 3473 1023 3526 Academia
1041 3473 1164 3526 aneua
1181 3472 1348 3527 documenta
1366 3474 1399 3527 ad
1418 3471 1487 3527 rebel·

374 3563 471 3616 lionern
491 3561 639 3629 Horjanam
665 3562 818 3628 spectantia
842 3577 875 3614 eu
900 3561 986 3615 variis
1012 3560 1155 3615 tabulariis
1180 3560 1408 3630 bibliotbeeieqne
1424 3562 1486 3616 llun

373 3651 467 3718 gariae
487 3659 515 3703 et
527 3649 736 3703 Transilvanioe
755 3651 862 3703 curavit
880 3650 1028 3719 diligenter
1046 3649 1197 3719 colligenda
1209 3651 1304 3705 studio
1323 3661 1407 3719 etque
1419 3665 1485 3719 opera

373 3739 514 3793 clarissimi
533 3740 640 3793 Domini
660 3740 791 3793 Nicolai
812 3740 1036 3803 Deusnsianu‚
1065 3739 1110 3806 qui
1129 3755 1162 3793 es
1186 3755 1247 3794 cum
1267 3741 1364 3794 multis
1382 3740 1440 3794 aliis
1459 3738 1487 3789 ad

372 3829 515 3883 historiam
543 3829 659 3895 patriam
688 3828 887 3895 pertinentibus
915 3829 1095 3882 monumentis
1123 3828 1256 3882 litorariis
1281 3845 1407 3894 annumero
1428 3828 1487 3881 lida

374 3919 453 3971 tomis
472 3918 508 3971 38
526 3918 722 3985 comprehensa,
741 3934 794 3971 non
814 3918 855 3971 ita
872 3917 975 3985 pridem
994 3917 1159 3985 amplissimo
1177 3919 1423 3987 manuscriptorum
1440 3915 1486 3969 tlte

373 4024 453 4061 satiro
478 4008 655 4061 bibliothecae
681 4007 847 4060 academicae
870 4006 979 4072 intulit,
1011 4007 1108 4060 exinde
1133 4013 1254 4074 tempore
1279 4023 1330 4060 sno
1363 4008 1391 4062 iu
1416 4007 1486 4060 tuso

374 4096 507 4163 publicam
525 4097 681 4151 emittenda.

446 4186 556 4251 Quade
575 4185 684 4238 redum
705 4186 844 4249 lectorem,
874 4199 962 4238 reruni
983 4184 1164 4238 Romanorum
1189 4183 1333 4251 cupidum,
1359 4186 1393 4240 ad
1418 4185 1489 4252 peri·-

374 4275 459 4328 «licam
474 4276 601 4327 Actorum
622 4274 832 4327 academicorum
846 4273 1036 4327 Collectionem
1057 4273 1248 4340 relegamns'),
1268 4274 1372 4326 taeitos
1383 4283 1488 4341 praeter·

370 4363 414 4414 iro
440 4379 491 4415 non
516 4378 655 4430 possumus
680 4362 855 4430 gravissimos
879 4361 940 4415 illos
965 4377 1080 4416 errores.
1109 4377 1157 4429 per
1180 4376 1248 4427 quos
1273 4361 1438 4416 clarissimus
1455 4373 1489 4410 τιν

407 4514 428 4581 ¹)
447 4517 561 4565 Anatole
581 4518 737 4566 Academiei
759 4520 889 4567 Romane.
922 4517 996 4565 Seria
1010 4519 1045 4568 11.
1066 4542 1100 4552 -
1120 4513 1236 4564 'somnio
1255 4517 1290 4563 ll.
1312 4542 1348 4552 -
1368 4515 1489 4564 Sedibus-22·

445 4590 568 4637 ordinare
594 4590 638 4637 din
662 4589 850 4650 1879-1880‚
877 4592 899 4636 sl
925 4589 1045 4636 sesiunea
1070 4586 1194 4649 generals
1219 4602 1235 4634 a
1255 4588 1348 4635 auulni
1372 4587 1444 4638 1880.
1460 4609 1488 4618 ν

446 4661 585 4708 Sectinnea
601 4662 621 4708 Ι.
640 4666 731 4723 partea
751 4660 962 4709 administrativa
980 4664 1002 4708 st
1017 4656 1184 4708 desbaterile.
1198 4684 1233 4693 -
1249 4659 1403 4716 Rricuretci.
1426 4661 1478 4704 rim·
