3725 5617
366 640 419 693 986
795 635 826 688 L.
848 634 892 687 Vl.
930 633 1061 701 Parerga.

366 796 432 845 meo,
451 781 486 835 ad
505 780 575 847 quod
593 795 635 834 me
653 779 726 833 Deus
745 778 807 846 Opt.
827 777 899 831 Max.
919 790 1006 844 nuper
1023 775 1141 844 delegit,
1161 776 1296 841 sustineo,
1315 776 1471 831 intermittere

367 876 459 924 tamen
477 869 566 933 nolui,
592 868 656 935 quin
676 875 757 921 nacta
775 866 911 920 commoda
937 866 987 919 bac
1004 864 1140 919 scribendi
1160 865 1303 920 occasione
1327 882 1374 934 per
1389 865 1472 934 lingni-

367 958 445 1013 ficum
471 959 615 1012 Dominum
637 957 782 1012 Jeremism
807 956 966 1022 Supremam
986 954 1146 1008 Provinciae
1172 955 1257 1022 nujus
1280 955 1473 1010 llareacbaican

368 1046 483 1101 fratrem
502 1061 589 1100 meum
609 1044 783 1106 carissimum,
803 1050 832 1097 et
848 1042 1085 1097 Bartholomaeum
1103 1043 1194 1106 Bruti,
1213 1051 1339 1098 oratores
1354 1047 1419 1099 Suae
1433 1043 1475 1097 Cel

367 1135 496 1190 situdinis
522 1135 555 1189 ad
575 1135 704 1189 Sermum.
724 1133 852 1187 Poloniae
870 1148 977 1201 regern,
1005 1131 1048 1185 his
1067 1132 1155 1186 literis
1174 1132 1244 1187 meis
1264 1134 1395 1202 pietatem
1411 1149 1476 1187 maan

368 1239 436 1293 erga
453 1224 635 1278 Sanctitatem
653 1222 685 1277 V.
712 1222 882 1278 declararem.
920 1221 971 1276 Cui
997 1237 1039 1276 me
1057 1220 1208 1275 humillime
1227 1223 1346 1291 subjicio
1369 1223 1477 1290 snpplim

368 1328 420 1379 que
439 1313 540 1377 eidem,
569 1317 600 1365 ut
618 1317 741 1365 sanctam
760 1311 972 1366 benedictionem
990 1326 1067 1365 suam
1084 1310 1151 1364 mibi
1170 1311 1385 1366 clementissime
1402 1312 1478 1379 impar·

368 1402 471 1464 tiatur,
499 1416 593 1466 meque
620 1416 669 1467 pro
700 1400 757 1454 lilio
784 1399 1003 1455 obedientissima
1031 1401 1147 1455 Sanctae
1174 1400 1318 1455 Ecclesiae
1346 1401 1477 1456 Catholicae

368 1490 505 1544 Romanae
533 1490 565 1543 de
583 1489 645 1543 binc
673 1495 701 1543 et
719 1489 818 1543 habeat
845 1496 873 1544 et
899 1495 1044 1558 agnoscat,
1072 1489 1173 1557 quoad,
1203 1490 1228 1544 si
1249 1490 1326 1544 Dens
1344 1491 1405 1558 Opt.
1422 1489 1477 1542 ilar

368 1578 434 1633 mihi
453 1578 539 1632 vitam
564 1578 782 1647 prolongaverit,
807 1579 893 1633 solum
912 1595 962 1647 per
979 1580 1142 1634 occasionem
1168 1585 1323 1647 perpetuae
1342 1579 1445 1647 pietatis
1457 1589 1478 1631 et

367 1667 537 1721 obedientiae
555 1683 622 1736 erga
634 1669 660 1722 S.
674 1668 706 1721 V.
725 1667 909 1723 deosculatum
921 1668 1091 1723 beatissimos
1109 1659 1190 1735 pede's
1204 1667 1373 1722 Sanctitatis
1385 1667 1478 1722 Vestra

368 1771 480 1810 venero:
501 1772 581 1823 quam
599 1756 755 1812 beatissime
774 1758 802 1811 iu
822 1757 929 1812 Christo
947 1758 1014 1813 Jesu
1033 1758 1124 1811 valere
1143 1759 1232 1825 cupio.

440 1863 540 1917 Datum
567 1863 712 1918 Scczsviae
736 1864 888 1919 Moldaviae
916 1880 951 1919 ex
977 1865 1136 1933 metropolis
1164 1881 1225 1919 mea
1254 1865 1299 1920 die
1331 1867 1373 1919 15.
1400 1863 1478 1918 nemis

368 1949 492 2006 Octobris
510 1968 581 2006 auno
600 1953 708 2006 Domini
729 1954 807 2007 1588.

654 2060 817 2114 Sanctitatis
835 2060 951 2115 Vestrae

866 2167 1032 2222 humillimus
1051 2175 1080 2222 et
1097 2168 1338 2222 obedientissimus
1357 2168 1424 2222 filim

958 2265 1123 2334 Georgius
1143 2266 1280 2330 Mobile,

405 2359 570 2429 (Theiuer,
589 2378 615 2430 p.
634 2362 689 2430 46.)
779 2364 955 2432 Metropolita
972 2363 1157 2420 Soczeviensis
1176 2365 1319 2431 totiusque
1338 2363 1478 2419 lioldaviae.

507 2621 570 2675 VII.
600 2623 644 2676 De
663 2624 824 2676 sinceritate
848 2624 964 2677 Uononis
980 2624 1120 2691 principis
1142 2621 1220 2674 Petri
1242 2623 1359 2676 t'lnruli.

389 2754 412 2806 l.
441 2757 485 2804 Ex
503 2756 615 2806 literis
635 2761 775 2823 Joannis
797 2762 955 2809 Demetrii
975 2759 1190 2816 Solilrowslci,
1216 2756 1470 2823 Archiepiscopi

542 2848 775 2911 Leopoliensis
795 2849 832 2896 ad
853 2849 1061 2902 Cardinalem
1084 2845 1319 2914 Montaltnm¹).

510 2975 583 3031 Laus
602 2977 664 3046 Opt.
683 2980 755 3032 llax.
770 2979 834 3043 Deo,
854 2980 924 3046 quod
943 2978 1030 3032 adhuc
1049 2984 1158 3032 tantum
1176 2978 1287 3046 gratiae
1308 2977 1486 3046 praesentibus

370 3066 534 3133 temporibus
553 3067 581 3120 in
601 3083 633 3120 ea
652 3069 815 3134 (provincia)
835 3079 979 3137 appareat,
1004 3074 1037 3121 ut
1056 3068 1089 3121 ad
1109 3068 1280 3136 agnitionem
1301 3069 1361 3121 veri
1382 3066 1485 3134 pastoris

369 3168 402 3206 ac
419 3153 556 3210 Ecclesiae
574 3156 699 3224 princeps
719 3156 791 3211 illius
817 3163 845 3211 et
863 3172 986 3225 proceres
1004 3155 1187 3223 pervenerint.
1209 3196 1257 3211 ...
1291 3155 1356 3224 lpse
1375 3155 1485 3223 percep

368 3240 432 3297 licet
458 3243 578 3298 retineat
602 3245 685 3299 ritum
704 3261 847 3313 graecum,
876 3253 968 3300 tamen
992 3244 1157 3299 resolutione
1175 3251 1289 3313 accepta
1316 3246 1350 3299 de
1375 3243 1485 3298 articulis

368 3330 517 3387 catholicae
536 3332 685 3401 religionis,
705 3339 737 3387 ut
755 3335 787 3388 de
806 3335 973 3402 processione
992 3334 1110 3403 Spiritus
1129 3333 1217 3388 sancti
1238 3350 1254 3386 a
1274 3334 1362 3388 Patre
1381 3347 1407 3388 et
1420 3332 1485 3386 l'ilio.

367 3421 400 3474 de
419 3421 548 3487 Ecclesia,
570 3424 651 3476 Petro
671 3441 702 3477 ac
721 3424 778 3492 ejus
797 3423 1007 3489 successoribus,
1027 3422 1148 3477 conciliis
1166 3429 1251 3489 atquae
1270 3424 1355 3478 rebus
1375 3421 1486 3480 aliis,in

368 3510 464 3577 quibus
489 3512 661 3566 schismatica
680 3514 849 3567 contumacia
877 3513 953 3567 illam
972 3501 1139 3581 provilciam
1167 3527 1222 3564 una
1240 3527 1302 3565 cnm
1322 3512 1386 3566 aliis
1405 3509 1486 3565 maltis

367 3598 523 3665 detinebat,
551 3607 579 3655 et
598 3602 656 3668 ipse
681 3601 710 3655 in
728 3618 757 3656 se
776 3602 895 3656 correxit
913 3617 1016 3656 errores
1039 3609 1068 3655 et
1086 3601 1115 3654 in
1133 3599 1264 3668 'subjecto
1290 3601 1392 3669 populo
1409 3614 1486 3653 emen·

368 3687 432 3741 dare
451 3690 563 3757 sategit.
601 3690 694 3757 anue
717 3692 750 3744 de
769 3708 851 3745 causa
869 3691 1003 3744 neminem
1022 3690 1050 3743 in
1069 3690 1125 3743 stris
1144 3689 1238 3754 terris,
1266 3690 1315 3756 qni
1335 3689 1486 3744 catholicam

367 3776 527 3846 religionem
546 3779 659 3847 abjiciat
684 3787 734 3832 ant
751 3779 792 3833 illi
812 3780 985 3843 adversetur,
1013 3778 1068 3832 ullo
1088 3778 1164 3832 modo
1183 3778 1321 3847 tolerat').
1361 3779 1434 3832 llaec
1451 3791 1486 3829 ves

366 3866 439 3919 sicut
456 3883 509 3920 nou
529 3873 571 3922 est
590 3867 671 3931 salsa,
695 3868 736 3921 ita
755 3884 808 3921 non
827 3874 870 3922 est
888 3868 987 3921 falsum
1006 3868 1135 3936 gaudIum
1155 3867 1224 3921 Suae
1244 3867 1427 3930 Sanctitatis,
1450 3865 1485 3917 cai

400 4099 419 4165 ¹)
439 4101 588 4150 Cardinalis
617 4102 770 4150 Alexander
801 4106 920 4151 Perettns
949 4102 982 4149 de
1012 4104 1103 4149 Monte
1132 4099 1200 4160 alto,
1231 4100 1314 4161 vulgo
1344 4101 1486 4150 (Tardinalie

440 4173 593 4229 blontaltus,
614 4190 695 4237 nepos
715 4184 771 4222 erat
790 4175 856 4222 Sinti
879 4176 932 4222 PP.
955 4176 1001 4233 V.,
1028 4175 1055 4223 S.
1078 4176 1114 4223 lt.
1135 4173 1165 4220 E.
1186 4172 1438 4224 vicecancellarius,
1465 4181 1485 4216 et

438 4245 550 4306 negotiis
570 4261 628 4292 curn
642 4246 754 4293 Caesare
774 4262 804 4293 ac
825 4246 929 4306 regibus
943 4244 1088 4292 tractandis
1101 4244 1258 4306 praelectus.
1295 4245 1401 4292 Bonum
1418 4244 1484 4290 vtae

438 4317 623 4379 compendium
644 4318 689 4364 dat
709 4318 840 4368 Ciacon.
861 4325 879 4364 t.
899 4317 953 4372 cit.,
973 4331 1017 4379 pp.
1042 4325 1187 4377 147—131.

397 4400 418 4467 ¹)
440 4405 542 4466 „Nobis
561 4405 742 4468 praesentibus
762 4407 877 4454 edictum
899 4405 970 4459 lecit.
991 4404 1193 4451 assentientibus
1213 4403 1329 4452 vladicis
1356 4403 1485 4464 religionis

437 4490 555 4537 graecae,
575 4485 604 4523 nt
622 4492 713 4524 omnes
733 4479 766 4525 ad
787 4477 941 4538 religionem
961 4474 1120 4523 catholicam
1135 4482 1307 4534 revertantur,
1327 4485 1372 4523 ant
1388 4487 1485 4536 reglum

437 4548 590 4599 excedam!
631 4550 671 4596 lta
693 4550 721 4596 P.
743 4551 778 4595 W
785 4547 989 4604 arszewiclri,
1009 4547 1036 4594 in
1056 4546 1132 4609 epist.
1152 4546 1185 4593 sd
1201 4546 1332 4594 Nuntium
1349 4549 1402 4608 Ap.
1422 4547 1446 4595 d.
1463 4545 1485 4590 d.

439 4629 464 4680 7,
486 4620 620 4682 Septemb.
644 4619 718 4681 1588,
738 4621 807 4683 apud
828 4619 982 4679 Tlreiner,
1002 4633 1027 4681 p.
1048 4629 1090 4680 43.
