3725 5617
381 628 433 682 776
709 626 740 682 L.
759 626 807 680 IV.
845 627 885 680 De
904 626 1009 681 Unione
1028 626 1176 681 Serborum.

789 1505 974 1611 Caput
1003 1507 1086 1590 ΠΙ.

705 1700 740 1775 lc
762 1700 921 1793 apstolum
943 1700 1088 1776 lociamtis
1110 1701 1182 1777 losa

897 1916 928 2004 p.
954 1916 983 1984 1.

510 2048 548 2111 ba
567 2050 715 2111 luborlbus
734 2048 905 2123 aposlollcls
923 2049 1171 2112 nlsslrmrlorun
1189 2051 1309 2114 1100110
1330 2052 1373 2115 17.

926 2209 953 2274 Ι.

407 2326 463 2392 De
488 2325 614 2393 Patre
639 2326 813 2393 Banasa
838 2328 1013 2410 ejusque
1037 2328 1255 2397 schemate
1281 2330 1476 2400 Unionia.

919 2485 953 2538 A.

465 2592 510 2657 lle
542 2591 627 2657 vita
653 2592 781 2657 Patris
805 2592 970 2674 Ravana,
1002 2593 1174 2678 insignis
1204 2594 1415 2663 Slavornm

806 2717 1067 2766 mrssronarrr.

735 2876 959 2930 Franelscus
979 2876 1135 2930 Ravana.

444 3000 514 3053 Acta
533 2998 673 3067 apostolici
691 2998 772 3067 hujus
790 2998 844 3052 viri
863 3014 956 3066 spemn
974 2998 1110 3054 habentur
1127 2998 1156 3053 in
1171 2999 1256 3054 variis
1269 3002 1411 3060 codicibus
1423 3020 1498 3061 mser.

373 3088 513 3142 annalium
537 3086 1022 3152 (1011011116.1610111141101010,
1048 3088 1382 3160 Quinque-ecclesianam,
1409 3094 1499 3165 Nogy-

375 3176 551 3244 moysensis,
575 3176 763 3231 Szakolnensis
782 3184 811 3231 et
833 3176 992 3233 Ginsiensis.
1030 3177 1113 3230 Plura
1132 3178 1216 3232 etiam
1234 3185 1336 3235 extant
1355 3182 1385 3237 in
1405 3185 1439 3238 A.
1457 3184 1498 3238 Pr.

374 3265 414 3320 St.
428 3295 460 3307 -
475 3266 517 3319 Ex
537 3266 571 3320 iis
589 3266 696 3333 potiora
714 3266 743 3319 in
761 3264 843 3320 breve
862 3266 994 3332 quoddam
1012 3266 1196 3334 compendium
1214 3275 1358 3325 coarctate
1370 3272 1500 3328 exhibent

372 3354 424 3408 duo
443 3355 546 3409 codices
570 3372 632 3409 msc.
650 3356 682 3411 B.
702 3356 732 3408 P.
752 3355 785 3409 V.
805 3356 891 3409 12121
918 3357 1067 3420 0112266,
1094 3357 1166 3410 unde
1184 3357 1286 3411 selecta
1304 3361 1444 3426 quaedum
1460 3362 1500 3417 bia

372 3443 474 3498 damus.
511 3444 653 3500 Caeterum
673 3445 779 3498 erudito
805 3445 899 3498 lectori
925 3450 1006 3499 notus
1031 3444 1089 3513 jam
1108 3452 1149 3499 est
1168 3446 1198 3498 Ρ.
1218 3446 1381 3505 Franciscns
1412 3468 1447 3506 ex
1468 3452 1500 3506 iis

370 3547 439 3598 quae
457 3538 565 3600 praeter
582 3533 649 3586 alios
668 3532 792 3587 referunt
810 3534 980 3598 Brlisztle‚
1001 3539 1022 3587 t.
1044 3536 1075 3598 1.,
1095 3550 1138 3601 pp.
1158 3537 1201 3598 24,
1220 3533 1267 3601 36,
1288 3538 1325 3590 94
1344 3543 1374 3593 et
1395 3540 1501 3596 Dnlis·

373 3619 497 3687 kovics,
516 3621 568 3686 ΙΙΙ,
587 3637 612 3688 p.
633 3625 674 3678 16.

440 3824 637 3894 Nagybtnyiae
665 3832 718 3892 (an.
746 3829 825 3892 1727)
853 3808 1021 3882 sacerdotum
1056 3844 1195 3883 numemm
1224 3827 1366 3885 imminuit
1395 3834 1501 3902 placida

375 3930 445 3968 mors
463 3914 493 3968 P.
513 3915 650 3971 Francisci
668 3918 789 3983 Ravasz,
808 3917 853 3983 qui
872 3917 935 3970 huic
953 3917 1051 3970 mundo
1071 3917 1152 3971 datus
1171 3922 1231 3972 erat
1250 3917 1413 3985 mariae
1431 3938 1500 3978 enno

371 4004 453 4069 1649,
479 4005 522 4060 27.
541 4004 677 4071 Octobris,
707 4007 850 4072 eademque
869 4005 912 4058 die
931 4005 1095 4059 Societatem
1114 4011 1234 4059 nostram
1252 4006 1401 4075 ingressus
1419 4011 1502 4067 Τγω.

369 4090 452 4145 chinii
479 4092 562 4156 1668,
591 4111 623 4148 ac
645 4094 767 4148 absoluto
793 4093 966 4147 laudabiliter
991 4094 1118 4161 tyrocinii
1143 4093 1251 4148 biennio
1284 4111 1392 4165 magne
1417 4100 1501 4156 animi

373 4179 531 4248 ingeniique
554 4182 779 4251 promptitudine,
807 4197 856 4236 nec
880 4183 983 4236 minore
1002 4182 1122 4251 regulari
1144 4182 1320 4238 observantia
1339 4187 1500 4245 Aristotelis

369 4268 472 4337 placita
496 4272 604 4339 excepit
627 4271 754 4327 triennio.
780 4302 813 4311 —
841 4271 947 4324 Exinde
965 4272 1118 4325 destinatus
1138 4272 1171 4325 ad
1189 4271 1371 4328 erudiendam
1399 4276 1431 4332 in
1449 4277 1502 4331 rir-

371 4361 432 4412 tnte
456 4366 484 4412 et
503 4359 591 4413 literis
610 4360 811 4413 humanioribus
832 4360 1006 4427 juventutem
1025 4359 1104 4414 rudes
1124 4375 1266 4427 puerorum
1290 4369 1401 4419 mentes
1422 4366 1502 4421 annia

369 4452 486 4511 quatuor
504 4465 563 4502 cnm
583 4449 662 4502 laude
681 4448 807 4502 excoluit.
838 4447 879 4500 Ex
897 4446 1030 4516 magistro
1049 4463 1156 4502 rursum
1173 4448 1324 4516 discipulus
1343 4467 1378 4506 ea
1395 4453 1503 4525 ingenii

367 4540 397 4587 et
414 4537 559 4605 religiosae
577 4537 652 4591 vitae
679 4537 907 4592 commendatione
939 4536 1146 4604 quadriennium
1179 4537 1335 4608 theologiae
1360 4541 1505 4613 impendit

366 4632 400 4680 ut
417 4625 516 4696 dignm
535 4627 664 4681 inventus
684 4627 782 4692 suerit,
809 4626 854 4693 qui
873 4643 944 4681 anno
966 4627 1043 4688 1687,
1064 4627 1090 4683 2.
1107 4626 1250 4681 Februarii
1269 4626 1435 4695 tymari„
1455 4647 1505 4704 per
