3725 5617
370 634 426 687 '114
702 633 731 686 L.
751 633 798 687 [V.
836 634 876 686 De
894 634 1000 688 Unlone
1019 633 1168 687 Serbomm.

367 779 498 856 anime,
531 798 565 841 se
596 775 664 840 Sua
687 776 817 842 Santitir
849 778 875 840 si
910 779 1133 862 complacessc
1165 777 1361 862 dispensare
1391 778 1417 842 il
1451 778 1504 844 do.

368 883 510 947 Zorchiz
548 882 624 949 dall'
650 884 719 964 eti,
758 882 820 947 che
856 883 878 948 li
911 906 1029 948 manca
1068 906 1127 969 per
1158 907 1265 948 essere
1303 895 1504 951 consecrato

370 989 541 1071 Veseov03
565 989 652 1054 ende
676 991 709 1054 in
733 990 799 1054 tale
823 992 1025 1055 circostanze
1048 992 1145 1054 credo
1167 991 1270 1055 dover
1284 992 1503 1077 soprsscders

369 1098 405 1160 in
428 1095 559 1182 parlare
582 1119 602 1160 a
618 1094 685 1160 Sua
702 1097 838 1176 Maesta,
863 1097 973 1161 finchd
992 1098 1032 1162 V.
1051 1098 1082 1163 S.
1100 1097 1197 1161 Illrna
1221 1099 1266 1162 mi
1283 1098 1341 1162 dia
1357 1099 1503 1184 risposta

368 1203 414 1267 da
436 1203 563 1288 poteria
587 1220 745 1268 mostrare
769 1226 789 1267 a
812 1204 912 1288 Msgr.
928 1204 1080 1268 Vescovo
1105 1228 1125 1268 a
1139 1203 1325 1284 Kollonit23
1350 1215 1386 1269 et
1412 1208 1444 1270 io
1469 1208 1528 1280 in„

368 1320 461 1374 tanto
486 1311 643 1395 rispondo
668 1309 720 1374 all'
739 1312 852 1374 istesso
870 1311 1239 1396 Msgr.llau1·0oordat0
1264 1334 1325 1396 per
1347 1311 1379 1376 le
1405 1333 1503 1396 gene·

368 1417 440 1502 rali,
466 1440 559 1481 come
583 1419 679 1504 potrir
694 1416 769 1481 Ella
785 1418 905 1482 vedere
926 1417 1002 1482 dall’
1019 1440 1160 1481 annessa
1176 1440 1197 1481 a
1211 1416 1328 1501 Sigillo
1346 1418 1501 1502 volante,

369 1524 468 1588 etho
494 1524 639 1589 discorso
665 1523 715 1587 eol
740 1522 878 1609 Signore
898 1524 1035 1588 Miniski
1062 1527 1238 1609 interprete
1263 1524 1350 1589 delle
1372 1524 1501 1611 lingue,

368 1630 431 1694 che
456 1653 490 1694 se
514 1653 579 1695 nou
606 1632 759 1694 riuscisse
783 1631 817 1695 di
842 1630 1072 1695 accomodarlo
1097 1631 1183 1694 dalla
1207 1642 1300 1715 parte
1325 1631 1360 1696 di
1387 1632 1503 1699 Schis-

368 1740 487 1818 vonia,
519 1740 545 1801 si
578 1737 737 1823 potrebbe
767 1760 962 1823 procurare,
996 1738 1246 1822 ricuperandosi
1276 1738 1437 1811 Moncatz
1468 1740 1501 1805 di

367 1844 460 1908 darlo
487 1867 545 1930 per
566 1845 718 1909 Veseovo
743 1868 763 1909 a
787 1844 886 1930 quelli
912 1845 946 1910 di
971 1846 1033 1908 rito
1057 1865 1164 1930 greco,
1190 1843 1251 1907 che
1276 1846 1302 1907 si
1328 1847 1502 1911 ritrovano

369 1973 464 2015 verso
496 1950 604 2038 quelle
628 1953 731 2038 parti,
768 1951 986 2016 desiderando
1012 1954 1042 2014 io
1067 1950 1097 2014 al
1123 1950 1279 2036 possibile
1310 1951 1345 2016 di
1370 1953 1501 2037 ajutore

366 2068 483 2143 questo
515 2058 604 2123 buon
629 2058 785 2137 vecchio,
822 2069 854 2121 et
884 2081 904 2122 a
928 2058 969 2123 V.
995 2057 1027 2122 S.
1052 2057 1148 2121 Illma
1181 2057 1296 2121 baecio
1330 2081 1396 2123 eon
1422 2082 1502 2124 vera

366 2166 466 2228 etima
490 2165 520 2229 le
544 2167 644 2230 mani.

880 2298 1019 2362 Franc.
1045 2295 1157 2361 Csrd.
1182 2297 1392 2362 Buonvisi.

413 2423 469 2506 (Α.
486 2425 551 2510 Ap.
567 2425 643 2490 vat.
661 2463 703 2471 —
718 2425 909 2487 Nuntiatur.
925 2423 1082 2488 German.
1097 2461 1140 2469 -
1153 2422 1218 2487 vol.
1236 2423 1312 2487 212.
1329 2444 1361 2507 p.
1382 2425 1438 2489 24.
1455 2424 1500 2509 2.)

913 2687 948 2740 u.

563 2798 608 2863 lle
633 2814 705 2861 non
731 2793 1013 2879 promovendis
1038 2794 1135 2861 ficte
1161 2794 1297 2862 unitis

919 2956 942 3009 1.

365 3052 505 3107 Literae
525 3052 716 3107 cardinalis
742 3051 958 3106 aKollonich
978 3052 1016 3104 ad
1035 3051 1228 3104 Bonvisium
1252 3050 1289 3103 de
1310 3050 1502 3118 rejiciends

588 3141 823 3209 appellatione
842 3141 925 3195 ficte
944 3146 1075 3194 tantum
1094 3140 1271 3193 unitorum.

435 3285 707 3349 Eminentissime
739 3295 770 3347 et
801 3284 1089 3348 Revereudissime
1114 3284 1258 3346 Domine
1282 3283 1433 3346 Domine

718 3392 860 3454 Patrone
887 3389 1144 3454 colendissimo!

460 3534 627 3614 Quoniam
653 3535 844 3597 Eminentia
865 3534 983 3595 Vestra
1009 3532 1087 3594 milii
1115 3555 1154 3595 ea
1178 3532 1429 3595 communicare
1454 3544 1504 3596 est

367 3642 522 3726 dignata,
553 3664 638 3728 quae
661 3640 858 3706 Joaohimus
882 3639 1127 3704 Szabbatovielr
1154 3650 1185 3701 et
1211 3639 1379 3700 Antonius
1406 3637 1502 3722 Ugri·

369 3748 492 3813 novich
524 3749 613 3833 apud
639 3747 789 3811 SSmum.
815 3749 998 3809 Dominum
1024 3757 1170 3808 nostrum
1204 3756 1319 3807 contra
1342 3742 1502 3807 Vestrum

370 3856 596 3920 Eminentiam
630 3867 661 3917 ct
693 3877 744 3917 me
770 3854 1009 3939 deposuerunt,
1047 3875 1111 3914 non
1146 3853 1238 3936 potui
1270 3852 1502 3928 intermittere,

368 3965 451 4049 quin
482 3964 524 4026 ad
549 3963 664 4025 eadem
696 3963 886 4024 cumomni
912 3962 1050 4023 veritate
1083 3970 1112 4020 et
1138 3980 1237 4042 quam
1262 3978 1398 4041 possum
1432 3957 1503 4020 bre·

371 4072 506 4133 vissime
531 4068 773 4154 responderem,
800 4078 835 4130 ut
858 4067 1051 4130 Eminentia
1075 4066 1113 4129 l'.
1140 4063 1271 4149 plenam
1297 4062 1503 4127 informatio·

371 4199 447 4240 nem
472 4176 543 4239 loeo
569 4176 767 4260 competenti
801 4174 940 4236 reddere
965 4174 1076 4257 possit.
1111 4210 1153 4217 -
1187 4173 1297 4255 Atque
1323 4172 1356 4231 in
1385 4172 1503 4255 primis

370 4294 485 4348 notum
510 4294 558 4346 cst
576 4284 786 4346 Eminentiae
801 4281 949 4354 Vestrae,
975 4281 1243 4365 praenominatos
1268 4277 1352 4340 duos
1374 4290 1501 4341 arresto

371 4391 521 4455 detentos
536 4390 720 4454 Basilianos
745 4388 827 4452 nihil
852 4385 1059 4472 querelarum
1085 4409 1141 4448 seu
1167 4384 1268 4447 verbo
1294 4405 1352 4447 seu
1377 4387 1502 4470 scripto

372 4497 463 4583 apud
487 4498 713 4560 Eminentiam
731 4496 884 4558 Vestram
910 4494 1116 4577 deposuisse,
1141 4490 1306 4577 quomodo
1331 4512 1410 4574 ergo
1434 4501 1503 4554 tam

371 4604 583 4689 impudenter
619 4624 684 4667 non
718 4601 824 4666 solum
858 4600 1019 4684 allegant,
1056 4622 1090 4662 se
1124 4599 1336 4662 Eminentiae
1363 4597 1503 4661 Vestrae
