<?xml version="1.0" encoding="UTF-8"?>
<!DOCTYPE html PUBLIC "-//W3C//DTD XHTML 1.0 Transitional//EN"
    "http://www.w3.org/TR/xhtml1/DTD/xhtml1-transitional.dtd">
<html xmlns="http://www.w3.org/1999/xhtml" xml:lang="en" lang="en">
 <head>
  <title>
</title>
<meta http-equiv="Content-Type" content="text/html;charset=utf-8" />
  <meta name='ocr-system' content='tesseract 3.04.00' />
  <meta name='ocr-capabilities' content='ocr_page ocr_carea ocr_par ocr_line ocrx_word'/>
</head>
<body>
  <div class='ocr_page' id='page_1' title='image "./symbolaeadillus00nillgoog_1194.png"; bbox 0 0 3725 5617; ppageno 0'>
   <div class='ocr_carea' id='block_1_1' title="bbox 517 671 1211 740">
    <p class='ocr_par' dir='ltr' id='par_1_1' title="bbox 517 671 1211 740">
     <span class='ocr_line' id='line_1_1' title="bbox 517 671 1211 740; baseline -0.006 -10"><span class='ocrx_word' id='word_1_1' title='bbox 517 677 586 732; x_wconf 77' lang='lat'>1058</span> <span class='ocrx_word' id='word_1_2' title='bbox 945 671 976 726; x_wconf 74' lang='lat' dir='ltr'><strong>Ia</strong></span> <span class='ocrx_word' id='word_1_3' title='bbox 994 672 1043 728; x_wconf 89' lang='lat' dir='ltr'><strong>Vl.</strong></span> <span class='ocrx_word' id='word_1_4' title='bbox 1081 671 1211 740; x_wconf 83' lang='lat' dir='ltr'><strong>Parerga.</strong></span> 
     </span>
    </p>
   </div>
   <div class='ocr_carea' id='block_1_2' title="bbox 518 907 1611 1138">
    <p class='ocr_par' dir='ltr' id='par_1_2' title="bbox 518 907 1611 1138">
     <span class='ocr_line' id='line_1_2' title="bbox 518 907 1611 978; baseline -0.005 -18"><span class='ocrx_word' id='word_1_5' title='bbox 518 907 724 978; x_wconf 61' lang='lat' dir='ltr'><strong>llopo&#39;prpoo</strong></span> <span class='ocrx_word' id='word_1_6' title='bbox 755 907 912 970; x_wconf 87' lang='lat' dir='ltr'><strong>alterum,</strong></span> <span class='ocrx_word' id='word_1_7' title='bbox 941 919 1142 958; x_wconf 77' lang='lat' dir='ltr'><strong>concernens</strong></span> <span class='ocrx_word' id='word_1_8' title='bbox 1175 919 1286 956; x_wconf 89' lang='lat' dir='ltr'><strong>omnes</strong></span> <span class='ocrx_word' id='word_1_9' title='bbox 1321 913 1503 970; x_wconf 88' lang='lat' dir='ltr'><strong>utramque</strong></span> <span class='ocrx_word' id='word_1_10' title='bbox 1529 919 1611 957; x_wconf 78' lang='lat' dir='ltr'><strong>morra</strong></span> 
     </span>
     <span class='ocr_line' id='line_1_3' title="bbox 551 991 1592 1064; baseline -0.008 -12"><span class='ocrx_word' id='word_1_11' title='bbox 551 998 644 1052; x_wconf 87' lang='lat' dir='ltr'><strong>chiae</strong></span> <span class='ocrx_word' id='word_1_12' title='bbox 663 1005 790 1064; x_wconf 85' lang='lat' dir='ltr'><strong>partem</strong></span> <span class='ocrx_word' id='word_1_13' title='bbox 810 995 1006 1049; x_wconf 76' lang='lat' dir='ltr'><strong>habitantes</strong></span> <span class='ocrx_word' id='word_1_14' title='bbox 1025 993 1206 1046; x_wconf 82' lang='lat' dir='ltr'><strong>liasciauos</strong></span> <span class='ocrx_word' id='word_1_15' title='bbox 1225 991 1412 1046; x_wconf 77' lang='lat' dir='ltr'><strong>Ecclesiae</strong></span> <span class='ocrx_word' id='word_1_16' title='bbox 1432 992 1592 1046; x_wconf 80' lang='lat' dir='ltr'><strong>catholico</strong></span> 
     </span>
     <span class='ocr_line' id='line_1_4' title="bbox 1017 1082 1138 1138; baseline 0.008 -2"><span class='ocrx_word' id='word_1_17' title='bbox 1017 1082 1138 1138; x_wconf 84' lang='lat' dir='ltr'><strong>unitos.</strong></span> 
     </span>
    </p>
   </div>
   <div class='ocr_carea' id='block_1_3' title="bbox 548 1241 1596 1578">
    <p class='ocr_par' dir='ltr' id='par_1_3' title="bbox 553 1241 1592 1309">
     <span class='ocr_line' id='line_1_5' title="bbox 553 1241 1592 1309; baseline -0.006 -9"><span class='ocrx_word' id='word_1_18' title='bbox 553 1249 722 1302; x_wconf 74' lang='lat' dir='ltr'><strong>l&#39;errstr&#39;tuta&#39;o</strong></span> <span class='ocrx_word' id='word_1_19' title='bbox 744 1247 828 1301; x_wconf 81' lang='lat' dir='ltr'><strong>Pauli</strong></span> <span class='ocrx_word' id='word_1_20' title='bbox 850 1247 903 1298; x_wconf 74' lang='grc' dir='ltr'><strong>ΙΨ.</strong></span> <span class='ocrx_word' id='word_1_21' title='bbox 930 1245 956 1297; x_wconf 89' lang='lat' dir='ltr'><strong>l&#39;.</strong></span> <span class='ocrx_word' id='word_1_22' title='bbox 995 1243 1111 1297; x_wconf 77' lang='lat' dir='ltr'><strong>Divinae</strong></span> <span class='ocrx_word' id='word_1_23' title='bbox 1129 1241 1287 1309; x_wconf 82' lang='lat' dir='ltr'><strong>Msjestatis</strong></span> <span class='ocrx_word' id='word_1_24' title='bbox 1318 1241 1444 1298; x_wconf 82' lang='lat' dir='ltr'><strong>arbitrio</strong></span> <span class='ocrx_word' id='word_1_25' title='bbox 1472 1245 1542 1296; x_wconf 81' lang='lat' dir='ltr'><strong>editu</strong></span> <span class='ocrx_word' id='word_1_26' title='bbox 1566 1245 1592 1296; x_wconf 82' lang='lat' dir='ltr'><strong>o&#39;rr</strong></span> 
     </span>
    </p>

    <p class='ocr_par' dir='ltr' id='par_1_4' title="bbox 548 1332 1593 1400">
     <span class='ocr_line' id='line_1_6' title="bbox 548 1332 1593 1400; baseline -0.009 -7"><span class='ocrx_word' id='word_1_27' title='bbox 548 1345 592 1393; x_wconf 76' lang='lat'><strong>21.</strong></span> <span class='ocrx_word' id='word_1_28' title='bbox 611 1337 773 1392; x_wconf 70' lang='lat' dir='ltr'><strong>Novembris</strong></span> <span class='ocrx_word' id='word_1_29' title='bbox 799 1336 868 1388; x_wconf 85' lang='lat' dir='ltr'><strong>uuui</strong></span> <span class='ocrx_word' id='word_1_30' title='bbox 890 1338 971 1396; x_wconf 76' lang='lat' dir='ltr'><strong>lull,</strong></span> <span class='ocrx_word' id='word_1_31' title='bbox 997 1351 1052 1400; x_wconf 82' lang='lat' dir='ltr'><strong>quo</strong></span> <span class='ocrx_word' id='word_1_32' title='bbox 1077 1333 1280 1384; x_wconf 82' lang='lat' dir='ltr'><strong>rrroruratcriuur</strong></span> <span class='ocrx_word' id='word_1_33' title='bbox 1304 1332 1467 1386; x_wconf 56' lang='lat' dir='ltr'><strong>cllurdeusc</strong></span> <span class='ocrx_word' id='word_1_34' title='bbox 1491 1336 1593 1386; x_wconf 76' lang='lat' dir='ltr'><strong>eorrrruiu</strong></span> 
     </span>
    </p>

    <p class='ocr_par' dir='ltr' id='par_1_5' title="bbox 550 1413 1596 1578">
     <span class='ocr_line' id='line_1_7' title="bbox 550 1413 1596 1498; baseline -0.009 -17"><span class='ocrx_word' id='word_1_35' title='bbox 550 1429 681 1498; x_wconf 81' lang='lat' dir='ltr'><strong>cripitur.</strong></span> <span class='ocrx_word' id='word_1_36' title='bbox 716 1431 886 1491; x_wconf 76' lang='lat' dir='ltr'><strong>erouroopo</strong></span> <span class='ocrx_word' id='word_1_37' title='bbox 920 1423 1054 1474; x_wconf 78' lang='lat' dir='ltr'><strong>catholico</strong></span> <span class='ocrx_word' id='word_1_38' title='bbox 1083 1413 1293 1474; x_wconf 74' lang='lat' dir='ltr'><strong>drosela-uorum</strong></span> <span class='ocrx_word' id='word_1_39' title='bbox 1333 1423 1473 1490; x_wconf 82' lang='lat' dir='ltr'><strong>episeopo</strong></span> <span class='ocrx_word' id='word_1_40' title='bbox 1502 1423 1596 1474; x_wconf 69' lang='lat' dir='ltr'><strong>a&#39;r&#39;ooor&#39;</strong></span> 
     </span>
     <span class='ocr_line' id='line_1_8' title="bbox 773 1511 1399 1578; baseline -0.002 -14"><span class='ocrx_word' id='word_1_41' title='bbox 773 1511 906 1578; x_wconf 81' lang='lat' dir='ltr'><strong>l&#39;rutuuju</strong></span> <span class='ocrx_word' id='word_1_42' title='bbox 927 1513 957 1564; x_wconf 80' lang='lat' dir='ltr'><strong>r&#39;rr</strong></span> <span class='ocrx_word' id='word_1_43' title='bbox 978 1511 1163 1562; x_wconf 65' lang='lat' dir='ltr'><strong>contruendam</strong></span> <span class='ocrx_word' id='word_1_44' title='bbox 1185 1511 1399 1574; x_wconf 69' lang='lat' dir='ltr'><strong>errru·cdr&#39;tur·¹]r.</strong></span> 
     </span>
    </p>
   </div>
   <div class='ocr_carea' id='block_1_4' title="bbox 943 1651 1196 1708">
    <p class='ocr_par' dir='ltr' id='par_1_6' title="bbox 943 1651 1196 1708">
     <span class='ocr_line' id='line_1_9' title="bbox 943 1651 1196 1708; baseline -0.016 -2"><span class='ocrx_word' id='word_1_45' title='bbox 943 1653 1067 1706; x_wconf 88' lang='lat' dir='ltr'><strong>Paulus</strong></span> <span class='ocrx_word' id='word_1_46' title='bbox 1087 1651 1143 1708; x_wconf 89' lang='grc' dir='ltr'><strong>ΡΡ.</strong></span> <span class='ocrx_word' id='word_1_47' title='bbox 1162 1652 1196 1706; x_wconf 75' lang='lat' dir='ltr'><strong>l&#39;.</strong></span> 
     </span>
    </p>
   </div>
   <div class='ocr_carea' id='block_1_5' title="bbox 509 1757 1625 3614">
    <p class='ocr_par' dir='ltr' id='par_1_7' title="bbox 509 1757 1625 3614">
     <span class='ocr_line' id='line_1_10' title="bbox 586 1757 1612 1832; baseline -0.009 -13"><span class='ocrx_word' id='word_1_48' title='bbox 586 1766 626 1819; x_wconf 79' lang='lat' dir='ltr'><strong>Ad</strong></span> <span class='ocrx_word' id='word_1_49' title='bbox 647 1773 804 1832; x_wconf 88' lang='lat' dir='ltr'><strong>perpetuam</strong></span> <span class='ocrx_word' id='word_1_50' title='bbox 832 1761 871 1815; x_wconf 89' lang='lat' dir='ltr'><strong>rei</strong></span> <span class='ocrx_word' id='word_1_51' title='bbox 896 1760 1059 1815; x_wconf 87' lang='lat' dir='ltr'><strong>memoriam.</strong></span> <span class='ocrx_word' id='word_1_52' title='bbox 1097 1757 1215 1811; x_wconf 77' lang='lat' dir='ltr'><strong>Divinae</strong></span> <span class='ocrx_word' id='word_1_53' title='bbox 1235 1758 1403 1826; x_wconf 85' lang='lat' dir='ltr'><strong>llajcstatis</strong></span> <span class='ocrx_word' id='word_1_54' title='bbox 1434 1761 1548 1816; x_wconf 82' lang='lat' dir='ltr'><strong>arbit-rio</strong></span> <span class='ocrx_word' id='word_1_55' title='bbox 1564 1773 1612 1816; x_wconf 74' lang='lat' dir='ltr'><strong>sur</strong></span> 
     </span>
     <span class='ocr_line' id='line_1_11' title="bbox 512 1847 1608 1910; baseline -0.005 -1"><span class='ocrx_word' id='word_1_56' title='bbox 512 1856 653 1909; x_wconf 78' lang='lat' dir='ltr'><strong>universas</strong></span> <span class='ocrx_word' id='word_1_57' title='bbox 681 1853 753 1906; x_wconf 86' lang='lat' dir='ltr'><strong>orbis</strong></span> <span class='ocrx_word' id='word_1_58' title='bbox 772 1849 898 1905; x_wconf 88' lang='lat' dir='ltr'><strong>ecclesias</strong></span> <span class='ocrx_word' id='word_1_59' title='bbox 923 1847 1080 1910; x_wconf 87' lang='lat' dir='ltr'><strong>constituti,</strong></span> <span class='ocrx_word' id='word_1_60' title='bbox 1109 1861 1201 1900; x_wconf 85' lang='lat' dir='ltr'><strong>ornnes</strong></span> <span class='ocrx_word' id='word_1_61' title='bbox 1225 1847 1254 1900; x_wconf 94' lang='lat' dir='ltr'><strong>id</strong></span> <span class='ocrx_word' id='word_1_62' title='bbox 1275 1850 1385 1902; x_wconf 86' lang='lat' dir='ltr'><strong>urentis</strong></span> <span class='ocrx_word' id='word_1_63' title='bbox 1404 1859 1522 1904; x_wconf 85' lang='lat' dir='ltr'><strong>nostrae</strong></span> <span class='ocrx_word' id='word_1_64' title='bbox 1543 1861 1608 1904; x_wconf 71' lang='lat' dir='ltr'><strong>cautu</strong></span> 
     </span>
     <span class='ocr_line' id='line_1_12' title="bbox 513 1937 1609 2012; baseline -0.006 -13"><span class='ocrx_word' id='word_1_65' title='bbox 513 1943 690 2006; x_wconf 88' lang='lat' dir='ltr'><strong>intendimus,</strong></span> <span class='ocrx_word' id='word_1_66' title='bbox 718 1947 750 1995; x_wconf 92' lang='lat' dir='ltr'><strong>ut</strong></span> <span class='ocrx_word' id='word_1_67' title='bbox 777 1939 841 1994; x_wconf 86' lang='lat' dir='ltr'><strong>tides</strong></span> <span class='ocrx_word' id='word_1_68' title='bbox 860 1938 994 2012; x_wconf 82' lang='lat' dir='ltr'><strong>catholica¹</strong></span> <span class='ocrx_word' id='word_1_69' title='bbox 1021 1937 1119 2002; x_wconf 87' lang='lat' dir='ltr'><strong>ubique</strong></span> <span class='ocrx_word' id='word_1_70' title='bbox 1147 1943 1175 1989; x_wconf 91' lang='lat' dir='ltr'><strong>et</strong></span> <span class='ocrx_word' id='word_1_71' title='bbox 1204 1939 1375 2003; x_wconf 83' lang='lat' dir='ltr'><strong>praesertim</strong></span> <span class='ocrx_word' id='word_1_72' title='bbox 1407 1940 1436 1992; x_wconf 91' lang='lat' dir='ltr'><strong>in</strong></span> <span class='ocrx_word' id='word_1_73' title='bbox 1469 1939 1609 1993; x_wconf 61' lang='lat' dir='ltr'><strong>remonuit</strong></span> 
     </span>
     <span class='ocr_line' id='line_1_13' title="bbox 513 2027 1614 2102; baseline -0.007 -14"><span class='ocrx_word' id='word_1_74' title='bbox 513 2033 680 2102; x_wconf 76' lang='lat' dir='ltr'><strong>regionibus.</strong></span> <span class='ocrx_word' id='word_1_75' title='bbox 709 2031 792 2084; x_wconf 90' lang='lat' dir='ltr'><strong>etiarn</strong></span> <span class='ocrx_word' id='word_1_76' title='bbox 817 2044 864 2095; x_wconf 91' lang='lat' dir='ltr'><strong>per</strong></span> <span class='ocrx_word' id='word_1_77' title='bbox 889 2043 1019 2081; x_wconf 84' lang='lat' dir='ltr'><strong>novorum</strong></span> <span class='ocrx_word' id='word_1_78' title='bbox 1038 2027 1265 2079; x_wconf 76' lang='lat' dir='ltr'><strong>monasteriorum</strong></span> <span class='ocrx_word' id='word_1_79' title='bbox 1289 2029 1455 2082; x_wconf 78' lang='lat' dir='ltr'><strong>erectiones</strong></span> <span class='ocrx_word' id='word_1_80' title='bbox 1482 2039 1614 2083; x_wconf 72' lang='lat' dir='ltr'><strong>consensu</strong></span> 
     </span>
     <span class='ocr_line' id='line_1_14' title="bbox 512 2113 1617 2191; baseline -0.01 -13"><span class='ocrx_word' id='word_1_81' title='bbox 512 2133 538 2179; x_wconf 89' lang='lat' dir='ltr'><strong>et</strong></span> <span class='ocrx_word' id='word_1_82' title='bbox 559 2135 732 2191; x_wconf 78' lang='lat' dir='ltr'><strong>propagetur,</strong></span> <span class='ocrx_word' id='word_1_83' title='bbox 753 2118 870 2187; x_wconf 90' lang='lat' dir='ltr'><strong>ipsisque</strong></span> <span class='ocrx_word' id='word_1_84' title='bbox 889 2115 1060 2170; x_wconf 85' lang='lat' dir='ltr'><strong>monasteriis</strong></span> <span class='ocrx_word' id='word_1_85' title='bbox 1079 2114 1130 2182; x_wconf 80' lang='lat' dir='ltr'><strong>ipsi</strong></span> <span class='ocrx_word' id='word_1_86' title='bbox 1150 2113 1367 2182; x_wconf 86' lang='lat' dir='ltr'><strong>praeficiantur,</strong></span> <span class='ocrx_word' id='word_1_87' title='bbox 1388 2134 1509 2184; x_wconf 82' lang='lat' dir='ltr'><strong>qrrornrn</strong></span> <span class='ocrx_word' id='word_1_88' title='bbox 1527 2127 1617 2185; x_wconf 72' lang='lat' dir='ltr'><strong>omna</strong></span> 
     </span>
     <span class='ocr_line' id='line_1_15' title="bbox 512 2203 1619 2281; baseline -0.01 -15"><span class='ocrx_word' id='word_1_89' title='bbox 512 2212 616 2281; x_wconf 65' lang='lat' dir='ltr'><strong>vigiliis</strong></span> <span class='ocrx_word' id='word_1_90' title='bbox 636 2210 784 2264; x_wconf 86' lang='lat' dir='ltr'><strong>christiana</strong></span> <span class='ocrx_word' id='word_1_91' title='bbox 802 2206 899 2274; x_wconf 83' lang='lat' dir='ltr'><strong>religio</strong></span> <span class='ocrx_word' id='word_1_92' title='bbox 919 2205 947 2258; x_wconf 93' lang='lat' dir='ltr'><strong>iu</strong></span> <span class='ocrx_word' id='word_1_93' title='bbox 967 2221 1015 2258; x_wconf 90' lang='lat' dir='ltr'><strong>sno</strong></span> <span class='ocrx_word' id='word_1_94' title='bbox 1033 2204 1113 2258; x_wconf 88' lang='lat' dir='ltr'><strong>solito</strong></span> <span class='ocrx_word' id='word_1_95' title='bbox 1132 2209 1208 2258; x_wconf 84' lang='lat' dir='ltr'><strong>statu</strong></span> <span class='ocrx_word' id='word_1_96' title='bbox 1226 2204 1323 2258; x_wconf 81' lang='lat' dir='ltr'><strong>valeat</strong></span> <span class='ocrx_word' id='word_1_97' title='bbox 1345 2206 1475 2262; x_wconf 83' lang='lat' dir='ltr'><strong>feliciter</strong></span> <span class='ocrx_word' id='word_1_98' title='bbox 1493 2203 1619 2262; x_wconf 63' lang='lat' dir='ltr'><strong>concam·</strong></span> 
     </span>
     <span class='ocr_line' id='line_1_16' title="bbox 512 2293 1621 2368; baseline -0.009 -12"><span class='ocrx_word' id='word_1_99' title='bbox 512 2303 582 2356; x_wconf 64' lang='lat' dir='ltr'><strong>Sanc</strong></span> <span class='ocrx_word' id='word_1_100' title='bbox 607 2300 758 2368; x_wconf 86' lang='lat' dir='ltr'><strong>expositum</strong></span> <span class='ocrx_word' id='word_1_101' title='bbox 784 2297 839 2350; x_wconf 85' lang='lat' dir='ltr'><strong>luit</strong></span> <span class='ocrx_word' id='word_1_102' title='bbox 858 2295 933 2348; x_wconf 84' lang='lat' dir='ltr'><strong>nolris</strong></span> <span class='ocrx_word' id='word_1_103' title='bbox 959 2310 1044 2362; x_wconf 90' lang='lat' dir='ltr'><strong>nuper</strong></span> <span class='ocrx_word' id='word_1_104' title='bbox 1068 2293 1175 2346; x_wconf 90' lang='lat' dir='ltr'><strong>nornine</strong></span> <span class='ocrx_word' id='word_1_105' title='bbox 1194 2293 1368 2349; x_wconf 81' lang='lat' dir='ltr'><strong>rerrerabilis</strong></span> <span class='ocrx_word' id='word_1_106' title='bbox 1395 2297 1498 2350; x_wconf 82' lang='lat' dir='ltr'><strong>fratris</strong></span> <span class='ocrx_word' id='word_1_107' title='bbox 1515 2293 1621 2351; x_wconf 77' lang='lat' dir='ltr'><strong>Simaria</strong></span> 
     </span>
     <span class='ocr_line' id='line_1_17' title="bbox 511 2383 1621 2459; baseline -0.006 -14"><span class='ocrx_word' id='word_1_108' title='bbox 511 2390 626 2459; x_wconf 79' lang='lat' dir='ltr'><strong>episcopi</strong></span> <span class='ocrx_word' id='word_1_109' title='bbox 648 2387 841 2442; x_wconf 87' lang='lat' dir='ltr'><strong>Raseiarrornrn</strong></span> <span class='ocrx_word' id='word_1_110' title='bbox 860 2384 1060 2440; x_wconf 83' lang='lat' dir='ltr'><strong>catholicorum.</strong></span> <span class='ocrx_word' id='word_1_111' title='bbox 1079 2383 1149 2436; x_wconf 87' lang='lat' dir='ltr'><strong>ritus</strong></span> <span class='ocrx_word' id='word_1_112' title='bbox 1167 2383 1269 2450; x_wconf 81' lang='lat' dir='ltr'><strong>graeci,</strong></span> <span class='ocrx_word' id='word_1_113' title='bbox 1289 2383 1372 2438; x_wconf 88' lang='lat' dir='ltr'><strong>iutra</strong></span> <span class='ocrx_word' id='word_1_114' title='bbox 1389 2386 1559 2454; x_wconf 76' lang='lat' dir='ltr'><strong>Hnnguriae.</strong></span> <span class='ocrx_word' id='word_1_115' title='bbox 1573 2384 1621 2438; x_wconf 67' lang='lat' dir='ltr'><strong>Sir·</strong></span> 
     </span>
     <span class='ocr_line' id='line_1_18' title="bbox 512 2471 1623 2540; baseline -0.005 -7"><span class='ocrx_word' id='word_1_116' title='bbox 512 2481 608 2533; x_wconf 75' lang='lat' dir='ltr'><strong>aoniae</strong></span> <span class='ocrx_word' id='word_1_117' title='bbox 634 2483 662 2532; x_wconf 89' lang='lat' dir='ltr'><strong>et</strong></span> <span class='ocrx_word' id='word_1_118' title='bbox 681 2476 807 2530; x_wconf 71' lang='lat' dir='ltr'><strong>tlrootioe</strong></span> <span class='ocrx_word' id='word_1_119' title='bbox 827 2475 893 2528; x_wconf 86' lang='lat' dir='ltr'><strong>lines</strong></span> <span class='ocrx_word' id='word_1_120' title='bbox 921 2479 950 2528; x_wconf 92' lang='lat' dir='ltr'><strong>et</strong></span> <span class='ocrx_word' id='word_1_121' title='bbox 968 2474 996 2526; x_wconf 91' lang='lat' dir='ltr'><strong>in</strong></span> <span class='ocrx_word' id='word_1_122' title='bbox 1016 2471 1144 2526; x_wconf 78' lang='lat' dir='ltr'><strong>extremis</strong></span> <span class='ocrx_word' id='word_1_123' title='bbox 1163 2471 1319 2526; x_wconf 73' lang='lat' dir='ltr'><strong>Carnioliae</strong></span> <span class='ocrx_word' id='word_1_124' title='bbox 1348 2476 1482 2540; x_wconf 85' lang='lat' dir='ltr'><strong>partibus</strong></span> <span class='ocrx_word' id='word_1_125' title='bbox 1507 2475 1623 2530; x_wconf 68' lang='lat' dir='ltr'><strong>cumuta-</strong></span> 
     </span>
     <span class='ocr_line' id='line_1_19' title="bbox 512 2559 1624 2634; baseline -0.004 -12"><span class='ocrx_word' id='word_1_126' title='bbox 512 2570 593 2632; x_wconf 88' lang='lat' dir='ltr'><strong>tium,</strong></span> <span class='ocrx_word' id='word_1_127' title='bbox 618 2567 686 2634; x_wconf 71' lang='lat' dir='ltr'><strong>aprrod</strong></span> <span class='ocrx_word' id='word_1_128' title='bbox 706 2564 797 2618; x_wconf 90' lang='lat' dir='ltr'><strong>dilecti</strong></span> <span class='ocrx_word' id='word_1_129' title='bbox 817 2563 865 2616; x_wconf 92' lang='lat' dir='ltr'><strong>lilii</strong></span> <span class='ocrx_word' id='word_1_130' title='bbox 886 2562 1014 2616; x_wconf 79' lang='lat' dir='ltr'><strong>Bassiani</strong></span> <span class='ocrx_word' id='word_1_131' title='bbox 1039 2559 1138 2615; x_wconf 89' lang='lat' dir='ltr'><strong>infide</strong></span> <span class='ocrx_word' id='word_1_132' title='bbox 1163 2567 1192 2614; x_wconf 91' lang='lat' dir='ltr'><strong>et</strong></span> <span class='ocrx_word' id='word_1_133' title='bbox 1209 2561 1312 2615; x_wconf 90' lang='lat' dir='ltr'><strong>unione</strong></span> <span class='ocrx_word' id='word_1_134' title='bbox 1340 2565 1499 2619; x_wconf 87' lang='lat' dir='ltr'><strong>catholicae</strong></span> <span class='ocrx_word' id='word_1_135' title='bbox 1517 2563 1624 2618; x_wconf 66' lang='lat' dir='ltr'><strong>marsia</strong></span> 
     </span>
     <span class='ocr_line' id='line_1_20' title="bbox 510 2651 1625 2726; baseline -0.006 -14"><span class='ocrx_word' id='word_1_136' title='bbox 510 2659 567 2712; x_wconf 89' lang='lat' dir='ltr'><strong>ritu</strong></span> <span class='ocrx_word' id='word_1_137' title='bbox 586 2672 683 2726; x_wconf 80' lang='lat' dir='ltr'><strong>gracco</strong></span> <span class='ocrx_word' id='word_1_138' title='bbox 703 2655 828 2708; x_wconf 77' lang='lat' dir='ltr'><strong>virentes</strong></span> <span class='ocrx_word' id='word_1_139' title='bbox 847 2670 860 2706; x_wconf 86' lang='lat' dir='ltr'><strong>e</strong></span> <span class='ocrx_word' id='word_1_140' title='bbox 879 2653 1026 2705; x_wconf 84' lang='lat' dir='ltr'><strong>Tureornm</strong></span> <span class='ocrx_word' id='word_1_141' title='bbox 1046 2651 1192 2717; x_wconf 72' lang='lat' dir='ltr'><strong>tyrannide</strong></span> <span class='ocrx_word' id='word_1_142' title='bbox 1210 2651 1295 2718; x_wconf 91' lang='lat' dir='ltr'><strong>elapsi</strong></span> <span class='ocrx_word' id='word_1_143' title='bbox 1328 2653 1358 2706; x_wconf 89' lang='lat' dir='ltr'><strong>in</strong></span> <span class='ocrx_word' id='word_1_144' title='bbox 1379 2653 1509 2708; x_wconf 77' lang='lat' dir='ltr'><strong>diversas</strong></span> <span class='ocrx_word' id='word_1_145' title='bbox 1527 2655 1625 2723; x_wconf 65' lang='grc' dir='ltr'><strong>κςίωιω</strong></span> 
     </span>
     <span class='ocr_line' id='line_1_21' title="bbox 511 2740 1625 2810; baseline -0.007 -8"><span class='ocrx_word' id='word_1_146' title='bbox 511 2753 692 2809; x_wconf 79' lang='lat' dir='ltr'><strong>secesserant,</strong></span> <span class='ocrx_word' id='word_1_147' title='bbox 720 2759 864 2809; x_wconf 83' lang='lat' dir='ltr'><strong>eourmqne</strong></span> <span class='ocrx_word' id='word_1_148' title='bbox 883 2757 983 2810; x_wconf 80' lang='lat' dir='ltr'><strong>magna</strong></span> <span class='ocrx_word' id='word_1_149' title='bbox 1001 2757 1064 2809; x_wconf 86' lang='lat' dir='ltr'><strong>pars</strong></span> <span class='ocrx_word' id='word_1_150' title='bbox 1090 2740 1119 2793; x_wconf 95' lang='lat' dir='ltr'><strong>in</strong></span> <span class='ocrx_word' id='word_1_151' title='bbox 1138 2740 1201 2793; x_wconf 88' lang='lat' dir='ltr'><strong>locis</strong></span> <span class='ocrx_word' id='word_1_152' title='bbox 1219 2741 1373 2807; x_wconf 84' lang='lat' dir='ltr'><strong>praedietis</strong></span> <span class='ocrx_word' id='word_1_153' title='bbox 1401 2743 1566 2799; x_wconf 88' lang='lat' dir='ltr'><strong>domicilium</strong></span> <span class='ocrx_word' id='word_1_154' title='bbox 1581 2759 1625 2796; x_wconf 79' lang='lat' dir='ltr'><strong>coa</strong></span> 
     </span>
     <span class='ocr_line' id='line_1_22' title="bbox 511 2829 1625 2902; baseline -0.008 -11"><span class='ocrx_word' id='word_1_155' title='bbox 511 2837 591 2891; x_wconf 87' lang='lat' dir='ltr'><strong>stitui</strong></span> <span class='ocrx_word' id='word_1_156' title='bbox 611 2841 638 2888; x_wconf 86' lang='lat' dir='ltr'><strong>et</strong></span> <span class='ocrx_word' id='word_1_157' title='bbox 658 2835 714 2902; x_wconf 84' lang='lat' dir='ltr'><strong>ipse</strong></span> <span class='ocrx_word' id='word_1_158' title='bbox 733 2833 839 2887; x_wconf 86' lang='lat' dir='ltr'><strong>Simeon</strong></span> <span class='ocrx_word' id='word_1_159' title='bbox 859 2831 998 2899; x_wconf 85' lang='lat' dir='ltr'><strong>episcopus</strong></span> <span class='ocrx_word' id='word_1_160' title='bbox 1020 2831 1152 2883; x_wconf 88' lang='lat' dir='ltr'><strong>dictorum</strong></span> <span class='ocrx_word' id='word_1_161' title='bbox 1172 2829 1372 2885; x_wconf 82' lang='lat' dir='ltr'><strong>Roscianorunr</strong></span> <span class='ocrx_word' id='word_1_162' title='bbox 1392 2834 1546 2888; x_wconf 85' lang='lat' dir='ltr'><strong>animarum</strong></span> <span class='ocrx_word' id='word_1_163' title='bbox 1562 2831 1625 2886; x_wconf 66' lang='lat' dir='ltr'><strong>ulau</strong></span> 
     </span>
     <span class='ocr_line' id='line_1_23' title="bbox 513 2917 1625 2990; baseline -0.007 -10"><span class='ocrx_word' id='word_1_164' title='bbox 513 2926 669 2990; x_wconf 59' lang='lat' dir='ltr'><strong>insimulas,</strong></span> <span class='ocrx_word' id='word_1_165' title='bbox 690 2925 717 2976; x_wconf 96' lang='lat' dir='ltr'><strong>in</strong></span> <span class='ocrx_word' id='word_1_166' title='bbox 731 2922 794 2975; x_wconf 92' lang='lat' dir='ltr'><strong>loeis</strong></span> <span class='ocrx_word' id='word_1_167' title='bbox 808 2920 922 2973; x_wconf 79' lang='lat' dir='ltr'><strong>desertis</strong></span> <span class='ocrx_word' id='word_1_168' title='bbox 936 2919 1034 2972; x_wconf 89' lang='lat' dir='ltr'><strong>montis</strong></span> <span class='ocrx_word' id='word_1_169' title='bbox 1048 2918 1185 2970; x_wconf 90' lang='lat' dir='ltr'><strong>llartelrae</strong></span> <span class='ocrx_word' id='word_1_170' title='bbox 1198 2917 1397 2986; x_wconf 78' lang='lat' dir='ltr'><strong>Zugalrricnsis</strong></span> <span class='ocrx_word' id='word_1_171' title='bbox 1410 2923 1549 2976; x_wconf 79' lang='lat' dir='ltr'><strong>dioecesis.</strong></span> <span class='ocrx_word' id='word_1_172' title='bbox 1561 2937 1625 2988; x_wconf 79' lang='lat' dir='ltr'><strong>quau·</strong></span> 
     </span>
     <span class='ocr_line' id='line_1_24' title="bbox 512 3007 1625 3077; baseline -0.008 -11"><span class='ocrx_word' id='word_1_173' title='bbox 512 3016 572 3067; x_wconf 92' lang='lat' dir='ltr'><strong>darn</strong></span> <span class='ocrx_word' id='word_1_174' title='bbox 593 3012 732 3066; x_wconf 81' lang='lat' dir='ltr'><strong>ecclesiam</strong></span> <span class='ocrx_word' id='word_1_175' title='bbox 752 3009 853 3077; x_wconf 88' lang='lat' dir='ltr'><strong>pridem</strong></span> <span class='ocrx_word' id='word_1_176' title='bbox 878 3007 926 3060; x_wconf 87' lang='lat' dir='ltr'><strong>snlr</strong></span> <span class='ocrx_word' id='word_1_177' title='bbox 946 3007 1117 3060; x_wconf 78' lang='lat' dir='ltr'><strong>invocatione</strong></span> <span class='ocrx_word' id='word_1_178' title='bbox 1136 3008 1261 3060; x_wconf 87' lang='lat' dir='ltr'><strong>Onruinrn</strong></span> <span class='ocrx_word' id='word_1_179' title='bbox 1280 3007 1450 3064; x_wconf 86' lang='lat' dir='ltr'><strong>Sanctorum</strong></span> <span class='ocrx_word' id='word_1_180' title='bbox 1471 3013 1625 3065; x_wconf 62' lang='lat' dir='ltr'><strong>aedificatum</strong></span> 
     </span>
     <span class='ocr_line' id='line_1_25' title="bbox 510 3096 1625 3165; baseline -0.007 -8"><span class='ocrx_word' id='word_1_181' title='bbox 510 3104 658 3157; x_wconf 84' lang='lat' dir='ltr'><strong>Turearurn</strong></span> <span class='ocrx_word' id='word_1_182' title='bbox 679 3108 770 3152; x_wconf 90' lang='lat' dir='ltr'><strong>tamen</strong></span> <span class='ocrx_word' id='word_1_183' title='bbox 788 3097 930 3165; x_wconf 85' lang='lat' dir='ltr'><strong>impietate</strong></span> <span class='ocrx_word' id='word_1_184' title='bbox 950 3097 1059 3163; x_wconf 86' lang='lat' dir='ltr'><strong>penitus</strong></span> <span class='ocrx_word' id='word_1_185' title='bbox 1077 3096 1196 3149; x_wconf 87' lang='lat' dir='ltr'><strong>dirutam</strong></span> <span class='ocrx_word' id='word_1_186' title='bbox 1223 3100 1252 3150; x_wconf 89' lang='lat' dir='ltr'><strong>ct</strong></span> <span class='ocrx_word' id='word_1_187' title='bbox 1270 3097 1427 3154; x_wconf 82' lang='lat' dir='ltr'><strong>desolatam</strong></span> <span class='ocrx_word' id='word_1_188' title='bbox 1448 3101 1588 3155; x_wconf 78' lang='lat' dir='ltr'><strong>restaurari</strong></span> <span class='ocrx_word' id='word_1_189' title='bbox 1603 3115 1625 3149; x_wconf 81' lang='lat' dir='ltr'><strong>sc</strong></span> 
     </span>
     <span class='ocr_line' id='line_1_26' title="bbox 511 3185 1625 3263; baseline -0.007 -17"><span class='ocrx_word' id='word_1_190' title='bbox 511 3207 593 3263; x_wconf 89' lang='lat' dir='ltr'><strong>prope</strong></span> <span class='ocrx_word' id='word_1_191' title='bbox 619 3207 676 3244; x_wconf 79' lang='lat' dir='ltr'><strong>erno</strong></span> <span class='ocrx_word' id='word_1_192' title='bbox 703 3189 831 3254; x_wconf 81' lang='lat' dir='ltr'><strong>qrrasdam</strong></span> <span class='ocrx_word' id='word_1_193' title='bbox 857 3187 935 3240; x_wconf 85' lang='lat' dir='ltr'><strong>aedes</strong></span> <span class='ocrx_word' id='word_1_194' title='bbox 966 3187 999 3239; x_wconf 91' lang='lat' dir='ltr'><strong>ad</strong></span> <span class='ocrx_word' id='word_1_195' title='bbox 1025 3185 1139 3239; x_wconf 82' lang='lat' dir='ltr'><strong>formam</strong></span> <span class='ocrx_word' id='word_1_196' title='bbox 1163 3186 1323 3240; x_wconf 84' lang='lat' dir='ltr'><strong>nronastcrii</strong></span> <span class='ocrx_word' id='word_1_197' title='bbox 1350 3191 1477 3244; x_wconf 87' lang='lat' dir='ltr'><strong>construi</strong></span> <span class='ocrx_word' id='word_1_198' title='bbox 1503 3201 1587 3254; x_wconf 71' lang='lat' dir='ltr'><strong>cnmt,</strong></span> <span class='ocrx_word' id='word_1_199' title='bbox 1607 3185 1625 3238; x_wconf 65' lang='lat' dir='ltr'><strong>si</strong></span> 
     </span>
     <span class='ocr_line' id='line_1_27' title="bbox 511 3273 1624 3342; baseline -0.008 -8"><span class='ocrx_word' id='word_1_200' title='bbox 511 3288 601 3334; x_wconf 74' lang='lat' dir='ltr'><strong>irritem</strong></span> <span class='ocrx_word' id='word_1_201' title='bbox 628 3280 655 3332; x_wconf 94' lang='lat' dir='ltr'><strong>in</strong></span> <span class='ocrx_word' id='word_1_202' title='bbox 676 3277 785 3331; x_wconf 89' lang='lat' dir='ltr'><strong>aedilms</strong></span> <span class='ocrx_word' id='word_1_203' title='bbox 810 3275 962 3342; x_wconf 85' lang='lat' dir='ltr'><strong>lrujusmodi</strong></span> <span class='ocrx_word' id='word_1_204' title='bbox 986 3291 1067 3328; x_wconf 86' lang='lat' dir='ltr'><strong>rrrrum</strong></span> <span class='ocrx_word' id='word_1_205' title='bbox 1092 3275 1284 3328; x_wconf 85' lang='lat' dir='ltr'><strong>monasterium</strong></span> <span class='ocrx_word' id='word_1_206' title='bbox 1303 3277 1420 3331; x_wconf 82' lang='lat' dir='ltr'><strong>tlrdinis</strong></span> <span class='ocrx_word' id='word_1_207' title='bbox 1441 3279 1529 3332; x_wconf 88' lang='lat' dir='ltr'><strong>sancti</strong></span> <span class='ocrx_word' id='word_1_208' title='bbox 1547 3273 1624 3330; x_wconf 79' lang='lat' dir='ltr'><strong>Basilii</strong></span> 
     </span>
     <span class='ocr_line' id='line_1_28' title="bbox 510 3364 1625 3434; baseline -0.006 -10"><span class='ocrx_word' id='word_1_209' title='bbox 510 3371 676 3434; x_wconf 68' lang='lat' dir='ltr'><strong>eriperetur.</strong></span> <span class='ocrx_word' id='word_1_210' title='bbox 697 3367 789 3432; x_wconf 80' lang='lat' dir='ltr'><strong>illique</strong></span> <span class='ocrx_word' id='word_1_211' title='bbox 809 3365 881 3418; x_wconf 90' lang='lat' dir='ltr'><strong>dicta</strong></span> <span class='ocrx_word' id='word_1_212' title='bbox 900 3364 1011 3418; x_wconf 85' lang='lat' dir='ltr'><strong>ecclesia</strong></span> <span class='ocrx_word' id='word_1_213' title='bbox 1030 3381 1077 3431; x_wconf 92' lang='lat' dir='ltr'><strong>pro</strong></span> <span class='ocrx_word' id='word_1_214' title='bbox 1096 3364 1208 3418; x_wconf 88' lang='lat' dir='ltr'><strong>ecelesia</strong></span> <span class='ocrx_word' id='word_1_215' title='bbox 1227 3365 1441 3430; x_wconf 84' lang='lat' dir='ltr'><strong>concederetur,</strong></span> <span class='ocrx_word' id='word_1_216' title='bbox 1468 3385 1502 3422; x_wconf 80' lang='lat' dir='ltr'><strong>ex</strong></span> <span class='ocrx_word' id='word_1_217' title='bbox 1520 3368 1564 3420; x_wconf 74' lang='lat' dir='ltr'><strong>lo</strong></span> <span class='ocrx_word' id='word_1_218' title='bbox 1579 3379 1625 3434; x_wconf 82' lang='lat' dir='ltr'><strong>pu-</strong></span> 
     </span>
     <span class='ocr_line' id='line_1_29' title="bbox 510 3453 1625 3520; baseline -0.006 -7"><span class='ocrx_word' id='word_1_219' title='bbox 510 3461 581 3514; x_wconf 85' lang='lat' dir='ltr'><strong>lecto</strong></span> <span class='ocrx_word' id='word_1_220' title='bbox 601 3457 709 3510; x_wconf 79' lang='lat' dir='ltr'><strong>divinus</strong></span> <span class='ocrx_word' id='word_1_221' title='bbox 727 3455 817 3509; x_wconf 88' lang='lat' dir='ltr'><strong>cultus</strong></span> <span class='ocrx_word' id='word_1_222' title='bbox 835 3453 994 3507; x_wconf 74' lang='lat' dir='ltr'><strong>nurnnsterii</strong></span> <span class='ocrx_word' id='word_1_223' title='bbox 1023 3463 1171 3520; x_wconf 77' lang='lat' dir='ltr'><strong>angeretur·</strong></span> <span class='ocrx_word' id='word_1_224' title='bbox 1199 3463 1226 3507; x_wconf 91' lang='lat' dir='ltr'><strong>et</strong></span> <span class='ocrx_word' id='word_1_225' title='bbox 1245 3454 1354 3520; x_wconf 88' lang='lat' dir='ltr'><strong>piorum</strong></span> <span class='ocrx_word' id='word_1_226' title='bbox 1374 3456 1568 3511; x_wconf 82' lang='lat' dir='ltr'><strong>Roscianorunr</strong></span> <span class='ocrx_word' id='word_1_227' title='bbox 1584 3453 1625 3520; x_wconf 79' lang='lat' dir='ltr'><strong>spi·</strong></span> 
     </span>
     <span class='ocr_line' id='line_1_30' title="bbox 509 3541 1625 3614; baseline -0.01 -11"><span class='ocrx_word' id='word_1_228' title='bbox 509 3547 604 3603; x_wconf 81' lang='lat' dir='ltr'><strong>rituali</strong></span> <span class='ocrx_word' id='word_1_229' title='bbox 637 3543 814 3598; x_wconf 84' lang='lat' dir='ltr'><strong>consolationi</strong></span> <span class='ocrx_word' id='word_1_230' title='bbox 843 3542 987 3610; x_wconf 90' lang='lat' dir='ltr'><strong>plurimum</strong></span> <span class='ocrx_word' id='word_1_231' title='bbox 1022 3543 1214 3596; x_wconf 85' lang='lat' dir='ltr'><strong>consuleretur.</strong></span> <span class='ocrx_word' id='word_1_232' title='bbox 1261 3542 1353 3609; x_wconf 85' lang='lat' dir='ltr'><strong>Quare</strong></span> <span class='ocrx_word' id='word_1_233' title='bbox 1388 3562 1440 3613; x_wconf 91' lang='lat' dir='ltr'><strong>pro</strong></span> <span class='ocrx_word' id='word_1_234' title='bbox 1468 3557 1546 3614; x_wconf 87' lang='lat' dir='ltr'><strong>porte</strong></span> <span class='ocrx_word' id='word_1_235' title='bbox 1574 3541 1625 3596; x_wconf 82' lang='lat' dir='ltr'><strong>diui</strong></span> 
     </span>
    </p>
   </div>
   <div class='ocr_carea' id='block_1_6' title="bbox 506 3721 1625 4414">
    <p class='ocr_par' dir='ltr' id='par_1_8' title="bbox 506 3721 1625 4414">
     <span class='ocr_line' id='line_1_31' title="bbox 509 3721 1625 3792; baseline -0.004 -11"><span class='ocrx_word' id='word_1_236' title='bbox 509 3743 541 3781; x_wconf 87' lang='lat' dir='ltr'><strong>ex</strong></span> <span class='ocrx_word' id='word_1_237' title='bbox 570 3743 655 3784; x_wconf 83' lang='lat' dir='ltr'><strong>rrrrnc,</strong></span> <span class='ocrx_word' id='word_1_238' title='bbox 687 3728 827 3792; x_wconf 85' lang='lat' dir='ltr'><strong>postquam</strong></span> <span class='ocrx_word' id='word_1_239' title='bbox 855 3721 959 3774; x_wconf 86' lang='lat' dir='ltr'><strong>fuerint</strong></span> <span class='ocrx_word' id='word_1_240' title='bbox 986 3721 1173 3775; x_wconf 85' lang='lat' dir='ltr'><strong>reaedificatae</strong></span> <span class='ocrx_word' id='word_1_241' title='bbox 1202 3736 1285 3775; x_wconf 86' lang='lat' dir='ltr'><strong>unrrnr</strong></span> <span class='ocrx_word' id='word_1_242' title='bbox 1313 3726 1516 3778; x_wconf 84' lang='lat' dir='ltr'><strong>monasterium</strong></span> <span class='ocrx_word' id='word_1_243' title='bbox 1535 3721 1625 3777; x_wconf 73' lang='lat' dir='ltr'><strong>armins</strong></span> 
     </span>
     <span class='ocr_line' id='line_1_32' title="bbox 508 3809 1625 3880; baseline -0.009 -10"><span class='ocrx_word' id='word_1_244' title='bbox 508 3816 595 3870; x_wconf 79' lang='lat' dir='ltr'><strong>sanet-i</strong></span> <span class='ocrx_word' id='word_1_245' title='bbox 610 3814 703 3867; x_wconf 85' lang='lat' dir='ltr'><strong>Basilii</strong></span> <span class='ocrx_word' id='word_1_246' title='bbox 724 3812 830 3880; x_wconf 75' lang='lat' dir='ltr'><strong>erigere</strong></span> <span class='ocrx_word' id='word_1_247' title='bbox 849 3816 877 3863; x_wconf 88' lang='lat' dir='ltr'><strong>et</strong></span> <span class='ocrx_word' id='word_1_248' title='bbox 896 3810 1040 3864; x_wconf 86' lang='lat' dir='ltr'><strong>instituere</strong></span> <span class='ocrx_word' id='word_1_249' title='bbox 1060 3810 1152 3876; x_wconf 86' lang='lat' dir='ltr'><strong>illique</strong></span> <span class='ocrx_word' id='word_1_250' title='bbox 1170 3826 1218 3878; x_wconf 89' lang='lat' dir='ltr'><strong>pro</strong></span> <span class='ocrx_word' id='word_1_251' title='bbox 1238 3811 1296 3878; x_wconf 88' lang='lat' dir='ltr'><strong>ejus</strong></span> <span class='ocrx_word' id='word_1_252' title='bbox 1310 3811 1430 3865; x_wconf 86' lang='lat' dir='ltr'><strong>ecclesia</strong></span> <span class='ocrx_word' id='word_1_253' title='bbox 1445 3813 1548 3868; x_wconf 87' lang='lat' dir='ltr'><strong>dictam</strong></span> <span class='ocrx_word' id='word_1_254' title='bbox 1559 3809 1625 3865; x_wconf 82' lang='lat' dir='ltr'><strong>ecclc·</strong></span> 
     </span>
     <span class='ocr_line' id='line_1_33' title="bbox 508 3899 1624 3969; baseline -0.005 -13"><span class='ocrx_word' id='word_1_255' title='bbox 508 3905 589 3964; x_wconf 88' lang='lat' dir='ltr'><strong>siam,</strong></span> <span class='ocrx_word' id='word_1_256' title='bbox 610 3913 639 3954; x_wconf 90' lang='lat' dir='ltr'><strong>nt</strong></span> <span class='ocrx_word' id='word_1_257' title='bbox 659 3902 839 3969; x_wconf 86' lang='lat' dir='ltr'><strong>praedicit-ur,</strong></span> <span class='ocrx_word' id='word_1_258' title='bbox 858 3900 1003 3954; x_wconf 87' lang='lat' dir='ltr'><strong>concedere</strong></span> <span class='ocrx_word' id='word_1_259' title='bbox 1022 3910 1049 3953; x_wconf 91' lang='lat' dir='ltr'><strong>et</strong></span> <span class='ocrx_word' id='word_1_260' title='bbox 1069 3900 1210 3966; x_wconf 85' lang='lat' dir='ltr'><strong>assignare</strong></span> <span class='ocrx_word' id='word_1_261' title='bbox 1229 3899 1366 3965; x_wconf 86' lang='lat' dir='ltr'><strong>aliasque,</strong></span> <span class='ocrx_word' id='word_1_262' title='bbox 1386 3911 1422 3954; x_wconf 88' lang='lat' dir='ltr'><strong>nt</strong></span> <span class='ocrx_word' id='word_1_263' title='bbox 1443 3903 1531 3960; x_wconf 82' lang='lat' dir='ltr'><strong>infru.</strong></span> <span class='ocrx_word' id='word_1_264' title='bbox 1555 3899 1624 3955; x_wconf 86' lang='lat' dir='ltr'><strong>indul·</strong></span> 
     </span>
     <span class='ocr_line' id='line_1_34' title="bbox 508 3986 1625 4060; baseline -0.007 -14"><span class='ocrx_word' id='word_1_265' title='bbox 508 4009 573 4060; x_wconf 81' lang='lat' dir='ltr'><strong>gere</strong></span> <span class='ocrx_word' id='word_1_266' title='bbox 593 3993 624 4044; x_wconf 90' lang='lat' dir='ltr'><strong>de</strong></span> <span class='ocrx_word' id='word_1_267' title='bbox 645 3990 817 4058; x_wconf 84' lang='lat' dir='ltr'><strong>benignitate</strong></span> <span class='ocrx_word' id='word_1_268' title='bbox 836 3988 985 4056; x_wconf 90' lang='lat' dir='ltr'><strong>apostolica</strong></span> <span class='ocrx_word' id='word_1_269' title='bbox 1004 3990 1186 4056; x_wconf 83' lang='lat' dir='ltr'><strong>dignaremur.</strong></span> <span class='ocrx_word' id='word_1_270' title='bbox 1224 3988 1279 4042; x_wconf 75' lang='lat' dir='ltr'><strong>Nos</strong></span> <span class='ocrx_word' id='word_1_271' title='bbox 1298 3989 1404 4056; x_wconf 79' lang='lat' dir='ltr'><strong>igitur,</strong></span> <span class='ocrx_word' id='word_1_272' title='bbox 1433 3993 1482 4058; x_wconf 86' lang='lat' dir='ltr'><strong>qai</strong></span> <span class='ocrx_word' id='word_1_273' title='bbox 1503 3986 1625 4060; x_wconf 74' lang='lat' dir='ltr'><strong>religionis</strong></span> 
     </span>
     <span class='ocr_line' id='line_1_35' title="bbox 508 4073 1623 4146; baseline -0.004 -10"><span class='ocrx_word' id='word_1_274' title='bbox 508 4073 536 4136; x_wconf 81' lang='lat' dir='ltr'><strong>et·</strong></span> <span class='ocrx_word' id='word_1_275' title='bbox 561 4082 653 4134; x_wconf 81' lang='lat' dir='ltr'><strong>‹lonrus</strong></span> <span class='ocrx_word' id='word_1_276' title='bbox 681 4080 728 4132; x_wconf 81' lang='lat' dir='ltr'><strong>llei</strong></span> <span class='ocrx_word' id='word_1_277' title='bbox 754 4080 874 4132; x_wconf 86' lang='lat' dir='ltr'><strong>decorem</strong></span> <span class='ocrx_word' id='word_1_278' title='bbox 899 4095 930 4132; x_wconf 90' lang='lat' dir='ltr'><strong>uc</strong></span> <span class='ocrx_word' id='word_1_279' title='bbox 955 4079 1051 4132; x_wconf 87' lang='lat' dir='ltr'><strong>salutis</strong></span> <span class='ocrx_word' id='word_1_280' title='bbox 1079 4078 1230 4132; x_wconf 85' lang='lat' dir='ltr'><strong>aniruarum</strong></span> <span class='ocrx_word' id='word_1_281' title='bbox 1255 4094 1349 4132; x_wconf 90' lang='lat' dir='ltr'><strong>curam</strong></span> <span class='ocrx_word' id='word_1_282' title='bbox 1375 4080 1482 4146; x_wconf 84' lang='lat' dir='ltr'><strong>ubique</strong></span> <span class='ocrx_word' id='word_1_283' title='bbox 1507 4081 1623 4146; x_wconf 69' lang='lat' dir='ltr'><strong>odouacro</strong></span> 
     </span>
     <span class='ocr_line' id='line_1_36' title="bbox 506 4163 1624 4236; baseline -0.005 -14"><span class='ocrx_word' id='word_1_284' title='bbox 506 4172 610 4223; x_wconf 90' lang='lat' dir='ltr'><strong>sincero</strong></span> <span class='ocrx_word' id='word_1_285' title='bbox 635 4169 816 4222; x_wconf 87' lang='lat' dir='ltr'><strong>desideramus</strong></span> <span class='ocrx_word' id='word_1_286' title='bbox 841 4166 954 4228; x_wconf 80' lang='lat' dir='ltr'><strong>affectu,</strong></span> <span class='ocrx_word' id='word_1_287' title='bbox 984 4167 1086 4221; x_wconf 90' lang='lat' dir='ltr'><strong>dictum</strong></span> <span class='ocrx_word' id='word_1_288' title='bbox 1104 4167 1253 4221; x_wconf 82' lang='lat' dir='ltr'><strong>Simeonem</strong></span> <span class='ocrx_word' id='word_1_289' title='bbox 1279 4167 1439 4235; x_wconf 87' lang='lat' dir='ltr'><strong>episcopum</strong></span> <span class='ocrx_word' id='word_1_290' title='bbox 1467 4163 1624 4236; x_wconf 80' lang='lat' dir='ltr'><strong>aquibruris</strong></span> 
     </span>
     <span class='ocr_line' id='line_1_37' title="bbox 506 4255 1623 4323; baseline -0.002 -13"><span class='ocrx_word' id='word_1_291' title='bbox 506 4257 797 4320; x_wconf 83' lang='lat' dir='ltr'><strong>excommunicationis,</strong></span> <span class='ocrx_word' id='word_1_292' title='bbox 816 4256 1000 4323; x_wconf 80' lang='lat' dir='ltr'><strong>srrspensionis</strong></span> <span class='ocrx_word' id='word_1_293' title='bbox 1019 4263 1047 4310; x_wconf 90' lang='lat' dir='ltr'><strong>et</strong></span> <span class='ocrx_word' id='word_1_294' title='bbox 1066 4255 1214 4318; x_wconf 86' lang='lat' dir='ltr'><strong>interdicti,</strong></span> <span class='ocrx_word' id='word_1_295' title='bbox 1233 4256 1350 4322; x_wconf 86' lang='lat' dir='ltr'><strong>aliisque</strong></span> <span class='ocrx_word' id='word_1_296' title='bbox 1369 4257 1563 4312; x_wconf 75' lang='lat' dir='ltr'><strong>ecelesiasticis</strong></span> <span class='ocrx_word' id='word_1_297' title='bbox 1578 4269 1623 4308; x_wconf 76' lang='lat' dir='ltr'><strong>aa</strong></span> 
     </span>
     <span class='ocr_line' id='line_1_38' title="bbox 506 4339 1622 4414; baseline 0.001 -14"><span class='ocrx_word' id='word_1_298' title='bbox 506 4348 614 4411; x_wconf 89' lang='lat' dir='ltr'><strong>tentiis,</strong></span> <span class='ocrx_word' id='word_1_299' title='bbox 643 4345 764 4399; x_wconf 89' lang='lat' dir='ltr'><strong>censuris</strong></span> <span class='ocrx_word' id='word_1_300' title='bbox 790 4351 817 4399; x_wconf 91' lang='lat' dir='ltr'><strong>et</strong></span> <span class='ocrx_word' id='word_1_301' title='bbox 836 4345 928 4414; x_wconf 74' lang='lat' dir='ltr'><strong>poenis</strong></span> <span class='ocrx_word' id='word_1_302' title='bbox 949 4361 965 4397; x_wconf 93' lang='lat' dir='ltr'><strong>a</strong></span> <span class='ocrx_word' id='word_1_303' title='bbox 981 4345 1043 4413; x_wconf 91' lang='lat' dir='ltr'><strong>jure</strong></span> <span class='ocrx_word' id='word_1_304' title='bbox 1062 4345 1104 4397; x_wconf 80' lang='lat' dir='ltr'><strong>vel</strong></span> <span class='ocrx_word' id='word_1_305' title='bbox 1124 4344 1157 4397; x_wconf 90' lang='lat' dir='ltr'><strong>ab</strong></span> <span class='ocrx_word' id='word_1_306' title='bbox 1176 4344 1284 4399; x_wconf 90' lang='lat' dir='ltr'><strong>homine</strong></span> <span class='ocrx_word' id='word_1_307' title='bbox 1308 4345 1410 4411; x_wconf 79' lang='lat' dir='ltr'><strong>quavis</strong></span> <span class='ocrx_word' id='word_1_308' title='bbox 1430 4349 1568 4401; x_wconf 80' lang='lat' dir='ltr'><strong>occasione</strong></span> <span class='ocrx_word' id='word_1_309' title='bbox 1590 4339 1622 4394; x_wconf 65' lang='grc' dir='ltr'><strong>τε]</strong></span> 
     </span>
    </p>
   </div>
   <div class='ocr_carea' id='block_1_7' title="bbox 540 4544 1621 4751">
    <p class='ocr_par' dir='ltr' id='par_1_9' title="bbox 540 4544 1621 4751">
     <span class='ocr_line' id='line_1_39' title="bbox 540 4544 1621 4611; baseline -0.006 -17"><span class='ocrx_word' id='word_1_310' title='bbox 540 4545 559 4611; x_wconf 79' lang='lat'><strong>¹)</strong></span> <span class='ocrx_word' id='word_1_311' title='bbox 582 4548 616 4594; x_wconf 91' lang='lat' dir='ltr'><strong>Ut</strong></span> <span class='ocrx_word' id='word_1_312' title='bbox 642 4545 760 4607; x_wconf 86' lang='lat' dir='ltr'><strong>partibus</strong></span> <span class='ocrx_word' id='word_1_313' title='bbox 786 4560 816 4592; x_wconf 85' lang='lat' dir='ltr'><strong>ex</strong></span> <span class='ocrx_word' id='word_1_314' title='bbox 836 4544 973 4608; x_wconf 84' lang='lat' dir='ltr'><strong>pontilicia</strong></span> <span class='ocrx_word' id='word_1_315' title='bbox 997 4546 1047 4593; x_wconf 85' lang='lat' dir='ltr'><strong>lrae</strong></span> <span class='ocrx_word' id='word_1_316' title='bbox 1067 4545 1255 4594; x_wconf 85' lang='lat' dir='ltr'><strong>constitutione</strong></span> <span class='ocrx_word' id='word_1_317' title='bbox 1282 4545 1452 4595; x_wconf 78' lang='lat' dir='ltr'><strong>frustillatim</strong></span> <span class='ocrx_word' id='word_1_318' title='bbox 1480 4547 1533 4610; x_wconf 79' lang='lat' dir='ltr'><strong>jorn</strong></span> <span class='ocrx_word' id='word_1_319' title='bbox 1552 4545 1621 4594; x_wconf 75' lang='lat' dir='ltr'><strong>citatis</strong></span> 
     </span>
     <span class='ocr_line' id='line_1_40' title="bbox 576 4614 1620 4683; baseline 0.002 -21"><span class='ocrx_word' id='word_1_320' title='bbox 576 4617 633 4680; x_wconf 80' lang='lat' dir='ltr'><strong>(pp.</strong></span> <span class='ocrx_word' id='word_1_321' title='bbox 649 4626 798 4682; x_wconf 44' lang='lat'><strong>1045705,</strong></span> <span class='ocrx_word' id='word_1_322' title='bbox 818 4614 970 4683; x_wconf 71' lang='lat'>238-739)</span> <span class='ocrx_word' id='word_1_323' title='bbox 990 4618 1119 4678; x_wconf 79' lang='lat' dir='ltr'><strong>genuinus</strong></span> <span class='ocrx_word' id='word_1_324' title='bbox 1138 4631 1229 4665; x_wconf 85' lang='lat' dir='ltr'><strong>sensus</strong></span> <span class='ocrx_word' id='word_1_325' title='bbox 1242 4616 1412 4677; x_wconf 87' lang='lat' dir='ltr'><strong>concilietur,</strong></span> <span class='ocrx_word' id='word_1_326' title='bbox 1434 4634 1494 4668; x_wconf 88' lang='lat' dir='ltr'><strong>eam</strong></span> <span class='ocrx_word' id='word_1_327' title='bbox 1515 4621 1540 4668; x_wconf 93' lang='lat' dir='ltr'><strong>in</strong></span> <span class='ocrx_word' id='word_1_328' title='bbox 1553 4619 1620 4666; x_wconf 75' lang='lat' dir='ltr'><strong>torm</strong></span> 
     </span>
     <span class='ocr_line' id='line_1_41' title="bbox 577 4688 1115 4751; baseline 0.002 -15"><span class='ocrx_word' id='word_1_329' title='bbox 577 4697 684 4736; x_wconf 84' lang='lat' dir='ltr'><strong>extensa</strong></span> <span class='ocrx_word' id='word_1_330' title='bbox 703 4703 838 4735; x_wconf 84' lang='lat' dir='ltr'><strong>censemus</strong></span> <span class='ocrx_word' id='word_1_331' title='bbox 859 4688 1115 4751; x_wconf 82' lang='lat' dir='ltr'><strong>repraesentandum.</strong></span> 
     </span>
    </p>
   </div>
   <div class='ocr_carea' id='block_1_8' title="bbox 0 0 1868 5617">
    <p class='ocr_par' dir='ltr' id='par_1_10' title="bbox 0 0 1868 5617">
     <span class='ocr_line' id='line_1_42' title="bbox 0 0 1868 5617; baseline 0 3"><span class='ocrx_word' id='word_1_332' title='bbox 0 0 1868 5617; x_wconf 95' lang='lat' dir='ltr'><strong> </strong></span> 
     </span>
    </p>
   </div>
  </div>
 </body>
</html>
