3725 5617
594 659 634 713 De
652 659 810 727 episcopatu
828 658 905 714 Petri
923 658 1005 715 Pauli
1022 660 1122 715 Aaron.
1368 661 1405 716 62

296 814 330 866 et
362 801 492 887 singula
525 802 560 865 in
583 803 746 867 rationem
780 805 995 888 praemissam
1029 826 1086 868 seu
1119 826 1178 889 pro
1212 804 1288 868 dote
1321 804 1424 891 hujus

297 908 385 994 quod
410 910 548 992 erigitur
571 910 740 973 seminarii
761 910 883 974 Beatae
907 931 1037 995 semper
1060 910 1209 995 Virginis
1232 910 1274 975 ab
1292 910 1422 995 Angelo

296 1018 524 1080 Annuntiatae
549 1038 713 1096 consecro,
740 1018 840 1080 offero
864 1027 897 1081 et
920 1016 1039 1081 dedico
1064 1038 1140 1081 cum
1164 1018 1318 1082 omnibus
1339 1019 1424 1082 meis

297 1123 514 1208 proventibus
546 1139 578 1186 et
601 1125 722 1186 activis
746 1122 868 1187 debitis
901 1123 993 1209 (num
1017 1125 1151 1208 passiva
1173 1125 1306 1189 nonnisi
1336 1146 1423 1210 quae

297 1233 332 1294 in
356 1241 475 1293 sortem
509 1229 640 1293 emendi
665 1229 750 1294 Boni
784 1251 842 1315 pro
867 1230 956 1294 dicto
987 1232 1163 1295 seminario
1196 1232 1230 1296 in
1254 1230 1318 1296 alio
1343 1231 1423 1296 folio

296 1349 409 1401 notata
434 1336 627 1400 contrahere
652 1338 799 1417 memini,
824 1359 909 1423 qnae
931 1338 1030 1402 etiam
1048 1360 1090 1401 ex
1108 1340 1188 1402 meis
1204 1337 1424 1424 proventibus

297 1447 389 1529 prius
413 1443 540 1507 exsolvi
565 1445 688 1528 cupio),
713 1443 840 1529 reliqua
863 1455 974 1507 autem
998 1446 1110 1508 omnia
1135 1444 1222 1508 dicto
1244 1445 1423 1509 seminario

297 1550 512 1637 ejusdemque
535 1549 754 1636 pauperibus,
790 1552 871 1614 meis
899 1549 1116 1633 haeredibus,
1150 1550 1210 1615 sub
1235 1573 1315 1615 cura
1338 1549 1423 1616 Reli·

297 1659 463 1741 giosorum
496 1655 643 1741 regulam
678 1656 711 1721 S.
744 1656 859 1721 Basilii
894 1657 939 1722 M.
975 1668 1129 1722 accurate
1161 1657 1423 1741 observantium,

297 1767 353 1850 qui
379 1763 515 1850 obligati
541 1777 639 1828 erunt
662 1764 827 1850 Episcopo
852 1775 963 1830 nostro
987 1767 1167 1830 successori
1192 1786 1250 1850 pro
1275 1773 1423 1849 tempore

297 1873 468 1935 exsistenti
485 1872 629 1935 rationes
646 1871 734 1951 dare,
756 1872 1036 1957 quemadmodum
1051 1874 1150 1937 etiam
1167 1872 1423 1958 typographiam

297 2000 374 2042 cum
397 1979 522 2042 recenti
547 1980 610 2063 qni.
628 1977 666 2042 fit
688 1989 768 2063 typo
794 1980 892 2061 meis,
928 1981 956 2043 si
981 1979 1221 2066 typographiae
1244 2001 1312 2044 non
1336 1978 1423 2043 suffi-

297 2096 419 2164 cerent,
444 2084 631 2170 sumptibus
648 2085 853 2167 redimendo,
868 2088 1019 2172 appiario
1036 2084 1305 2168 Carbunariensi,
1324 2088 1426 2151 vinea

297 2193 429 2255 noviter
452 2203 561 2256 erecta
585 2215 627 2256 ex
651 2193 857 2274 Peterfalva,
881 2205 915 2257 ct
938 2194 1101 2280 quidquid
1125 2194 1259 2259 demum
1284 2193 1325 2259 do
1349 2215 1424 2259 meo

297 2301 479 2383 reperietur
503 2311 706 2384 congestum,
731 2311 866 2365 auctum
890 2312 948 2366 aut
970 2310 1168 2387 reparatum,
1197 2301 1304 2367 eidem
1329 2302 1423 2365 semi·

296 2408 391 2470 nario
428 2427 603 2489 consecro,
639 2408 703 2471 nisi
736 2405 832 2472 aliter
866 2417 944 2472 ante
973 2407 1100 2472 obitum
1136 2430 1196 2495 per
1229 2431 1424 2495 expressum

296 2514 497 2577 ordinarem.

388 2645 479 2730 Sign.
503 2645 733 2712 Balbzsfalvae
757 2648 787 2712 6.
811 2648 897 2713 Nov.
924 2648 1021 2713 1758.

458 2780 497 2844 L.
522 2779 555 2845 S.
793 2781 830 2846 P.
864 2781 1008 2847 Paulus
1043 2783 1173 2848 Aaron
1205 2804 1248 2847 m.
1282 2805 1315 2869 p.

814 2898 1002 2984 Episcopus
1026 2898 1284 2982 Fogarasiensis.
