3725 5617
439 632 493 687 426
614 634 642 686 L.
663 632 715 688 llI.
754 634 792 688 De
811 632 925 688 historia
944 633 1073 688 ecclesiae
1092 634 1273 686 Rumenorum
1292 633 1394 687 unitae.

972 954 1031 1018 IV.

441 1082 581 1149 Causa
605 1079 948 1148 confirmationis
973 1082 1154 1149 ioannis
1178 1080 1338 1147 Pataki
1367 1081 1414 1146 in
1440 1080 1567 1147 Curia

783 1197 977 1263 Romana
1001 1196 1222 1277 pendente.

991 1368 1014 1421 1.

468 1463 607 1518 Relatio
624 1464 662 1518 de
681 1463 939 1517 commoratione
957 1463 1143 1518 Viennensi
1161 1463 1327 1517 nominati
1347 1463 1531 1517 antistitis.

438 1571 487 1626 Ex
506 1587 571 1625 msc.
592 1572 721 1624 Historia
745 1571 859 1641 t'ellepii
873 1571 1061 1624 stsruusaiuui
1078 1571 1113 1624 ab
1132 1588 1207 1622 orrrro
1221 1575 1292 1623 1623
1311 1571 1349 1623 url
1367 1588 1474 1623 errorum
1489 1575 1567 1634 1761,

837 1661 875 1712 ud
894 1678 940 1713 ore.
961 1664 1040 1724 1718,
1056 1677 1086 1728 p.
1105 1663 1166 1712 247.

528 1804 680 1868 Accessit
702 1826 768 1867 uon
794 1802 960 1867 mediocre
991 1802 1053 1866 hoc
1077 1823 1164 1866 enno
1191 1802 1305 1865 domui
1329 1812 1461 1866 nostrae
1485 1801 1566 1865 sola-

439 1909 522 1972 tium
548 1931 587 1972 ac
611 1907 726 1991 honor,
756 1909 835 1974 dum
861 1909 1004 1974 Illmum.
1029 1933 1068 1973 ac
1092 1911 1224 1973 limum.
1249 1910 1375 1972 Duum.
1399 1908 1566 1972 loannem

438 2015 558 2080 Pataki
583 2026 659 2079 ante
684 2038 787 2080 unum
812 2018 945 2080 circiter
967 2039 1091 2080 aunum
1116 2018 1323 2080 nominatum
1341 2014 1566 2078 Valaclrorum

442 2124 477 2186 in
501 2122 734 2187 Transilvania
760 2123 935 2188 Unitorum
960 2123 1104 2208 Eppum.
1129 2125 1238 2206 graeci
1264 2124 1360 2204 ritus,
1391 2121 1455 2184 hoc
1479 2144 1568 2185 anno

438 2229 633 2294 fundatione
663 2233 764 2295 trium
795 2230 935 2295 millium
969 2253 1155 2294 annuorum
1187 2251 1204 2292 o
1235 2229 1332 2293 bonis
1356 2227 1565 2314 Samosujvri-

437 2335 603 2402 riensibus
627 2336 754 2401 collatis
777 2360 819 2401 ex
839 2336 1002 2402 Caesarea
1026 2337 1288 2400 munificicentia
1312 2357 1370 2420 per
1394 2334 1565 2399 decretum

439 2442 587 2507 audisset
620 2443 787 2525 dotatum3
821 2445 948 2526 virum,
983 2442 1099 2507 domus
1131 2452 1261 2505 nostroe
1294 2464 1354 2526 per
1381 2440 1567 2518 biennium,

438 2549 580 2613 Romani
613 2571 691 2614 vero
720 2551 877 2635 Ungariei
912 2573 971 2635 per
1004 2551 1270 2636 quinquennium
1295 2546 1433 2631 Collegii
1463 2547 1565 2611 alum-

437 2677 529 2738 num,
553 2679 573 2720 a
597 2655 748 2720 doctrina
772 2667 804 2721 et
818 2659 942 2721 virtute
966 2656 1338 2732 commendatissimum,
1364 2676 1461 2739 quern
1480 2654 1565 2718 Pou-

439 2762 521 2828 tiiex
546 2763 637 2828 Max.
670 2786 688 2827 e
717 2764 859 2828 dioecesi
884 2763 1103 2849 Strigoniensi
1137 2761 1332 2826 translatum
1365 2763 1398 2824 in
1423 2761 1566 2825 Transi}-

441 2870 576 2932 vauiam
601 2871 846 2935 missionarium
872 2871 1063 2934 destinarat.
1111 2868 1188 2933 cho
1213 2868 1267 2932 ille
1289 2869 1408 2932 ductus
1426 2869 1568 2933 Uniouis

439 2997 539 3040 verae
563 2986 596 3039 et
619 2978 768 3040 sincerae
793 2999 868 3040 cum
894 2977 1044 3040 Romana
1068 2975 1218 3040 Ecclesia
1242 2998 1419 3060 persuasus
1443 2986 1504 3060 cst,
1531 2987 1569 3038 nt

438 3092 627 3168 acceptaret
651 3082 844 3147 electionem
869 3085 919 3146 sui
944 3085 976 3147 in
993 3083 1137 3168 Eppum.
1156 3081 1389 3161 Valaelrorum,
1413 3106 1463 3160 ac,
1489 3105 1566 3146 cum

439 3189 472 3255 S.
498 3189 675 3270 Basiliam,
712 3200 836 3254 mutato
861 3212 981 3274 nempe
1013 3192 1077 3253 ritu
1101 3188 1202 3253 latino
1229 3191 1260 3252 in
1286 3211 1461 3272 graecum,
1494 3211 1566 3274 pro·

439 3297 545 3361 fessus
576 3308 661 3360 esset
689 3296 887 3382 Zagrabiae,
925 3296 1032 3359 indies
1063 3295 1170 3360 bullas
1200 3295 1392 3360 Pontificius
1424 3306 1567 3381 praesto·

439 3402 536 3485 latus,
561 3403 683 3489 quibus
707 3403 830 3467 habitis
855 3413 1065 3466 consecratus
1090 3424 1201 3465 veram
1220 3403 1385 3466 Unionem
1402 3402 1567 3466 Valacho·

438 3532 512 3574 rurn
538 3520 570 3573 et
594 3511 731 3574 minime
755 3532 813 3596 pro
840 3532 929 3574 rnorc
954 3509 1093 3573 aliorum
1119 3508 1159 3572 de
1184 3509 1361 3573 schismate
1378 3521 1567 3594 suspectam

442 3627 573 3681 curaret
595 3640 635 3680 ac
653 3627 801 3680 tueretur
816 3617 858 3680 ad
875 3617 1045 3702 llajorcm‚
1071 3637 1169 3701 qumn
1186 3617 1299 3700 spirat,
1326 3616 1387 3679 Dei
1405 3615 1568 3680 Gloriam.

988 3866 1013 3917 2.

470 3963 671 4031 Responsum
692 3961 789 4016 lllrui.
807 3962 949 4015 loannis
967 3961 1104 4028 ‘losephi
1126 3961 1336 4014 llornernisza
1354 3961 1390 4013 ‹le
1411 3962 1539 4015 Kasaou

790 4051 829 4104 ad
850 4051 879 4105 P.
898 4051 1078 4118 .losephum
1096 4051 1219 4103 Baralia

722 4159 754 4210 de
773 4159 906 4225 periculis
925 4159 1031 4210 dilutae
1051 4159 1279 4222 rorqirmulirmie.

530 4349 537 4362 .
554 4349 561 4363 .
576 4349 583 4363 .
599 4299 769 4362 Nominati
783 4298 1007 4362 Valachornrn
1025 4299 1182 4384 Episcopi
1198 4299 1275 4363 Dni.
1291 4299 1310 4362 J
1316 4300 1433 4362 oannis
1446 4298 1567 4362 Pataki

439 4407 609 4470 introitum
641 4405 683 4468 ad
715 4429 809 4470 suurn
836 4406 960 4470 clerum
992 4428 1111 4484 graves
1144 4407 1311 4491 requirere
1345 4409 1571 4486 necessitates,

439 4523 538 4599 prout
568 4535 609 4576 cx
635 4513 853 4576 Reverentiac
878 4513 1016 4577 Vestrae
1040 4512 1246 4599 aliorumque
1277 4511 1571 4576 informationibus

444 4619 561 4700 video,
598 4621 667 4705 ipse
693 4622 791 4683 etiam
817 4642 978 4702 agnose-03
1014 4641 1121 4706 neque
1153 4621 1266 4683 omitto
1292 4617 1379 4682 Suae
1403 4619 1573 4704 lllajestati
