3725 5617
720 1492 899 1597 Caput
927 1493 962 1577 1.

485 1686 520 1759 lte
542 1686 696 1778 episcopatu
719 1687 882 1761 Svituieeni
904 1687 1014 1780 eJ'uque
1034 1686 1208 1762 titularibus

805 1899 836 1989 §-
861 1900 891 1968 1.

316 2024 355 2087 tte
373 2024 539 2088 tutatione
557 2026 743 2099 enueenetue
761 2026 973 2097 seimonu,
996 2026 1164 2090 nonasterii
1182 2026 1380 2099 luciensis..

657 2124 807 2187 sentum!
825 2124 1036 2197 tutationis.

833 2283 859 2348 I.

337 2409 581 2477 Memoriale
607 2411 892 2479 cancellariae
919 2411 1068 2493 Regiae
1093 2412 1348 2493 Hunganeo·

748 2519 935 2586 aulicae.

368 2675 541 2738 Extractus
565 2675 719 2739 demissae
747 2700 786 2739 cc
804 2687 902 2762 porto
929 2675 1148 2743 Conciliariac
1171 2678 1290 2764 Rspice
1314 2678 1407 2743 Hem·

274 2782 384 2864 parico
403 2819 412 2828 ·
431 2781 563 2845 Auiicao
596 2785 830 2867 propositionis
866 2807 950 2847 anno
990 2786 1073 2848 1751
1116 2782 1199 2847 Suae
1237 2786 1414 2874 Majcstcti'

278 2885 522 2952 Socratissimac
552 2892 587 2952 in
610 2892 719 2953 metito
745 2902 889 2976 acceptae
918 2891 958 2954 ab
983 2892 1140 2976 Episcopo
1164 2891 1413 2976 Zcpobieosfl)

276 2996 363 3057 circo
386 2998 601 3082 episcopatum
626 2995 859 3062 Siidniconsem
886 3022 954 3060 cum
977 2996 1120 3061 Ecclesia
1148 2997 1310 3062 Catholica
1332 3002 1403 3064 oni·

277 3112 342 3164 tum
375 3126 429 3164 uec
459 3126 522 3166 non
553 3105 776 3167 monasterium
806 3105 987 3168 Morcseose
1018 3128 1038 3167 a
1071 3105 1276 3169 schismaticis
1306 3129 1405 3172 moces

277 3208 415 3271 violento
439 3222 622 3295 occupatum
645 3212 926 3274 circumstantiaiis
949 3211 1187 3296 informationis
1211 3212 1317 3276 datae.

367 3359 596 3425 Revindicatis
620 3385 640 3426 a
664 3363 857 3447 captivitate
882 3363 1025 3426 Turcica
1054 3362 1105 3427 his
1129 3363 1306 3429 Slavoniae
1329 3386 1402 3450 par-

276 3466 376 3546 tibus,
403 3475 506 3552 quum
531 3468 666 3532 orbatae
691 3468 806 3533 incolis
828 3471 1015 3533 extitissent
1036 3469 1147 3556 plures
1163 3473 1256 3555 regni
1279 3481 1410 3556 partes,⁴

275 3574 431 3657 exigente
457 3576 502 3638 ita
527 3584 614 3640 statu
636 3576 787 3662 publico,
822 3578 911 3640 natio
936 3576 1117 3659 Rescians·,
1149 3589 1216 3641 esto
1240 3577 1406 3662 religione

276 3681 498 3762 schismatica,
524 3706 594 3765 eas,
619 3685 778 3747 innuente
801 3683 941 3748 articulo
968 3685 1019 3749 14.
1043 3686 1122 3749 anni
1148 3685 1234 3749 1604
1257 3685 1411 3750 incolere-

276 3791 396 3874 eoepit,
421 3812 479 3874 spe
503 3800 569 3854 tam
595 3789 861 3876 Apostolicorum
885 3792 1081 3876 Hungariae
1104 3813 1218 3876 regum
1243 3814 1344 3878 quam
1368 3803 1402 3858 et

230 3974 234 3980 .
275 3895 415 3959 aliorum
441 3895 693 3977 catholicorum,
719 3898 808 3983 quod
832 3898 875 3962 ad
900 3898 1067 3963 Unionem
1091 3920 1221 3984 quoque
1245 3920 1401 3964 successu

277 4004 435 4087 temporis
459 4003 649 4085 reducetur3
675 4014 707 4067 et
730 4027 831 4090 quum
857 4004 1008 4090 pluribus
1027 4004 1127 4089 hujus
1141 4007 1234 4090 regni
1249 4005 1409 4091 partibus.

275 4108 442 4173 illocatum
460 4111 577 4174 Petrus
595 4112 810 4175 Dimitrovics
827 4133 864 4175 eo
881 4122 951 4175 tum
967 4111 1198 4195 Zagrabiensis
1212 4112 1400 4200 Episcopus

311 4325 330 4390 ¹)
350 4329 372 4375 F
379 4342 461 4378 rene.
481 4329 562 4375 Xav.
582 4328 612 4374 L.
634 4329 663 4374 B.
685 4324 905 4383 Klobusicki,
931 4327 1046 4388 Collegii
1067 4327 1217 4375 Germanici
1241 4333 1267 4374 et
1286 4329 1400 4389 Hungu-

346 4399 394 4447 rici
413 4399 447 4446 de
465 4398 538 4447 Urbe
558 4399 691 4461 quondam
712 4399 840 4455 alumnus,
860 4400 972 4461 primum
992 4398 1141 4462 Episcopus
1159 4398 1399 4447 Transilvaniensis

346 4467 570 4535 (1741-1748),
591 4470 687 4517 deinde
706 4471 890 4531 Zagrabiensis
910 4467 1032 4534 (1748-
1044 4475 1133 4531 1751),
1159 4470 1264 4517 demum
1284 4469 1399 4519 Anchie-

346 4542 471 4605 piscopus
490 4540 645 4590 Colocensis
665 4542 732 4590 obiit
750 4557 820 4590 anno
843 4541 924 4605 1760,
951 4542 984 4589 de
1003 4541 1132 4604 religione
1150 4549 1177 4589 et
1195 4542 1281 4605 patrie
1299 4541 1407 4604 optime·

347 4614 463 4663 meritus.
