3725 5617
908 427 910 432 .
935 395 971 430 s

630 644 740 697 Erroras
759 650 787 698 et
804 642 904 697 abusus
923 643 1018 698 Graec.
1038 642 1176 697 schismat.
1420 643 1469 695 121

450 783 583 870 lpsorum
608 788 878 871 superstitiones,
907 795 941 850 et
963 786 1087 851 abusus
1111 795 1188 850 sunt
1211 786 1351 864 infiniti,
1381 795 1414 849 et
1436 787 1471 850 in

384 891 458 954 variis
475 892 622 977 partibus
645 896 743 959 varii.
782 893 978 958 Sacerdotes
1001 895 1061 956 vix
1085 914 1233 978 unquam
1256 892 1471 971 confitentum

383 995 503 1083 Religiosi
527 1000 689 1085 ignorant,
714 1000 795 1087 quid
819 1004 861 1065 sit
883 1011 1018 1082 votum3
1042 1000 1192 1086 plerique
1217 1010 1335 1086 putant
1355 1021 1389 1062 se
1406 1021 1472 1063 non

381 1106 455 1169 teneri
481 1106 523 1170 ad
554 1108 804 1173 confessionem.
854 1107 998 1189 Quando
1030 1106 1151 1192 aliquis
1183 1108 1348 1170 commisit
1381 1129 1472 1170 enor-

381 1210 440 1275 mius
465 1223 655 1298 peccatum,
692 1237 726 1281 v.
757 1237 790 1300 g.
822 1214 1041 1295 adulterium,
1079 1213 1161 1278 dant
1191 1215 1254 1299 ipsi
1288 1223 1471 1277 extremam

380 1319 538 1384 unctionem
562 1323 793 1406 praesentibus
810 1330 936 1406 septem
953 1320 1191 1385 sacerdotibus.
1217 1319 1354 1384 Nullum
1368 1319 1473 1405 bapti·

381 1436 435 1488 rant
458 1427 520 1490 nisi
544 1438 619 1512 post
642 1439 795 1492 octavam
820 1428 927 1509 diem,
960 1436 992 1491 et
1015 1427 1131 1491 eodem
1154 1436 1302 1512 tempore
1332 1426 1474 1513 simplex

379 1532 499 1597 sacerdos
538 1534 666 1599 confert
707 1546 951 1599 sacramentum
986 1532 1266 1599 Confirmationis.
1321 1533 1473 1619 Plerique

379 1637 532 1704 sacerdotes
566 1652 764 1706 conservant
795 1663 926 1706 sacrum
953 1639 1081 1727 Corpus
1106 1639 1228 1705 Christi
1262 1641 1352 1705 domi
1383 1662 1471 1720 suae,

380 1740 419 1805 ubi
432 1744 592 1811 dormiunt
614 1758 647 1811 et
663 1748 877 1831 manducant,
903 1749 938 1811 in
953 1747 1026 1812 loco
1043 1747 1324 1813 indecentissime.
1361 1747 1472 1811 Etiam

382 1849 404 1911 io
419 1853 535 1937 templis
559 1853 662 1919 altare
686 1864 719 1919 et
733 1877 815 1920 vasa
831 1878 925 1926 saera
946 1865 1023 1919 sunt
1037 1854 1312 1920 immundissima.
1351 1853 1474 1919 Omnia

336 2029 337 2034 η
382 1958 444 2040 apud
471 1962 557 2046 ipsos
580 1964 732 2047 pecuniis
763 1962 930 2042 vendunt,
963 1962 997 2026 id
1021 1972 1070 2026 est
1093 1962 1223 2047 singula
1247 1962 1474 2028 Sacramenta.

336 2097 338 2152 ξ
383 2059 419 2143 a.
436 2065 469 2130 u.
492 2068 529 2132 u.
554 2091 609 2154 pp.
635 2070 842 2154 asu-aar.)

895 2273 923 2326 C.

385 2369 463 2429 Euoras
474 2378 628 2446 dogmatici,
648 2394 714 2445 quos
727 2379 823 2432 Graeci
837 2378 871 2432 ad
885 2377 1032 2432 Ecclesiam
1045 2378 1204 2432 catholicam
1218 2378 1334 2433 redituri
1347 2393 1474 2445 expressa

414 2464 555 2527 professione
573 2468 701 2522 damnare
720 2467 827 2532 debent,
843 2467 926 2535 juxta
944 2468 1089 2522 Decretrun
1109 2467 1222 2522 Concilii
1241 2466 1432 2535 Florentini')‚

849 2556 966 2610 scilicet:

445 2701 470 2762 l.
500 2699 686 2763 Romanum
714 2699 915 2764 'Pontificem
949 2721 1016 2763 non
1050 2721 1120 2764 esse
1154 2708 1255 2785 caput
1287 2696 1474 2762 universale

383 2801 453 2865 totius
474 2826 531 2889 per
555 2803 669 2869 orbem
695 2805 835 2869 diffusae
858 2805 1046 2887 Ecclesiae3

443 2919 470 2983 2.
505 2921 631 2985 Panem
656 2943 812 3005 azymum
846 2944 912 2986 non
946 2944 1016 2986 esse
1049 2924 1221 2986 materiam
1255 2920 1474 2985 sufficientem

378 3029 547 3091 aeramenti
572 3027 823 3110 Eucharistia03

440 3143 470 3207 3.
493 3143 632 3207 Praeter
651 3144 789 3225 eoelum,
815 3144 927 3208 sedem
944 3144 1133 3224 Beatorum,
1159 3152 1191 3206 et
1205 3143 1382 3222 infernum,
1407 3164 1476 3205 car·

373 3265 458 3312 terem
472 3249 717 3331 damnatorum,
742 3253 876 3315 tertium
898 3272 966 3315 non
982 3273 1051 3314 osse
1069 3250 1187 3331 locum,
1213 3251 1327 3334 inquo
1344 3250 1475 3312 animae

369 3355 498 3420 noudum
521 3358 677 3441 expiatae
702 3357 892 3421 detinentur
915 3368 948 3420 et
971 3358 1205 3443 purificantur3

437 3475 469 3538 l.
499 3472 661 3558 Spiritum
687 3483 855 3554 sunctum,
891 3475 1021 3536 tertiam
1047 3474 1080 3535 in
1104 3472 1267 3535 Trinitate
1292 3492 1475 3555 personam,

364 3599 417 3643 oon
437 3579 618 3667 procedere
643 3579 740 3643 simul
757 3603 777 3643 a
791 3580 889 3643 Patre
910 3590 943 3643 et
956 3579 1053 3642 Filio.
1086 3579 1135 3661 (B.
1146 3579 1233 3643 U.B.
1247 3601 1301 3663 pp.
1318 3576 1475 3657 91-92.)

385 3795 403 3858 Ι)
421 3799 566 3844 Decretum
587 3796 702 3843 Uniouis
722 3796 883 3842 Graecorum
909 3810 968 3842 cum
992 3794 1230 3856 subscriptionibus
1249 3799 1319 3839 extat
1339 3806 1432 3852 graece
1451 3796 1477 3838 et

419 3868 501 3917 latine
521 3875 583 3931 post
603 3867 746 3914 sessionem
767 3877 809 3927 25.
830 3866 899 3929 apud
922 3866 1069 3922 llardouin,
1090 3872 1107 3913 t.
1127 3877 1161 3925 9.,
1180 3880 1224 3927 pp.
1245 3875 1394 3926 419-430.
