3725 5617
366 646 435 696 10114
795 639 823 694 L.
844 639 891 692 Vl.
930 637 1061 704 Parerga.

365 800 398 839 ex
416 784 515 838 scheda
536 784 594 837 alta
619 798 683 837 voce
708 780 899 849 pronunciavit
925 779 1054 833 Dominus
1079 777 1249 845 Stephanus,
1275 794 1329 846 qua
1355 778 1427 832 linita
1442 778 1472 831 ili

366 890 425 927 oum
459 873 564 927 facibus
587 872 732 926 ahivsurnt
755 878 784 924 et
809 871 836 923 in
860 869 1005 923 eorundem
1038 868 1125 921 locum
1151 876 1346 923 successerunt
1372 868 1474 921 iitms

366 962 558 1016 Wolkenstein
576 967 605 1015 et
623 959 775 1013 Guilelmus
793 975 810 1012 a
829 958 986 1026 Welsperg;
1003 963 1032 1011 et
1051 972 1161 1011 rursum
1180 963 1301 1011 mutata
1318 964 1428 1018 motem
1444 956 1475 1010 hir

365 1051 452 1104 finitis
471 1066 531 1104 eum
550 1051 585 1103 ad
597 1049 733 1103 Praefecti
752 1064 871 1101 mensam
889 1048 1026 1100 duxerunt
1044 1046 1285 1113 suscipiendum),
1305 1047 1476 1115 suscepturum

366 1138 532 1193 honoratiori
552 1138 609 1192 loco
627 1137 805 1203 collocarunt3
825 1136 888 1191 dein
901 1136 988 1190 eidern
1006 1152 1023 1189 a
1042 1135 1131 1189 tribus
1150 1136 1303 1190 recitatum
1322 1150 1436 1202 carmem
1449 1153 1479 1188 a·

367 1231 432 1281 outa
449 1232 553 1281 motata
576 1228 609 1281 de
627 1243 648 1283 s.
668 1226 813 1293 Stephano,
837 1225 1049 1295 gratulatusque
1072 1231 1115 1279 est
1139 1225 1180 1279 illi
1208 1225 1323 1294 majoris
1348 1225 1480 1294 eonem»

367 1316 451 1369 tionis
470 1315 628 1369 Praefectus
648 1311 886 1381 cum'quibusdam
904 1314 967 1369 aliis
985 1330 1000 1369 e
1019 1330 1067 1368 suo
1080 1319 1169 1379 coetu,
1188 1319 1221 1368 et
1237 1315 1279 1369 sic
1291 1315 1395 1369 dimissi
1412 1314 1480 1381 hospi·

367 1409 416 1469 tes,
436 1404 537 1458 retenti
557 1404 658 1458 caeteri
676 1402 788 1468 sodales,
808 1403 904 1471 quibua
917 1402 1076 1458 Praefectus
1094 1419 1156 1457 oum
1169 1403 1329 1457 Secretarm
1348 1404 1482 1457 disoeseur's

367 1494 428 1546 vale
449 1493 527 1546 dixit.

476 1707 520 1760 De
537 1709 665 1775 principe
683 1708 794 1761 Joouue
813 1709 968 1776 Stephano,
995 1708 1229 1776 Conprepuliorris
1249 1707 1397 1774 praefecto

792 1806 847 1874 (an.
869 1807 936 1860 1601
952 1836 980 1844 -
995 1805 1073 1868 1609)

439 1947 584 2001 Sodalitati
603 1964 681 2015 porro
699 1949 859 2016 partheniae
877 1947 1018 2016 singulare
1043 1948 1123 2001 decus
1143 1946 1177 1999 ab
1199 1946 1405 2006 illustrissimo.
1422 1961 1482 2012 quau

368 2035 499 2103 elegerat,
522 2037 666 2091 Praefecto
689 2039 809 2092 accessit.
853 2038 973 2092 Joannea
993 2035 1146 2104 Stephanus
1165 2035 1298 2098 Vaivoda
1323 2035 1348 2089 is
1374 2035 1433 2092 fnit.
1451 2035 1485 2101 qni

368 2140 440 2177 anno
458 2126 595 2194 superiore
614 2128 642 2181 in
661 2127 793 2181 sodalium
813 2128 935 2180 adlectus
954 2140 1102 2188 numerum,
1122 2124 1179 2179 fere
1199 2133 1342 2192 quantum
1361 2124 1486 2179 natalibus

369 2218 478 2268 tantum
496 2231 580 2283 supra
599 2223 720 2271 caeteros
739 2216 844 2270 virtute
863 2214 987 2269 eminuit.
1025 2213 1111 2280 Qtrurn
1125 2213 1291 2268 celebritate
1305 2231 1362 2268 non
1375 2214 1486 2268 oamissu

369 2303 458 2370 prima
480 2304 619 2370 athnissio,
646 2306 730 2359 etiarn
760 2304 895 2373 publicam
919 2303 1045 2358 sodalitio
1071 2301 1228 2371 praefuturi
1253 2303 1487 2371 proclamationem

370 2407 435 2459 prae
460 2409 540 2459 quam
565 2394 623 2448 fieri
647 2395 716 2449 alias
740 2395 823 2461 solet,
847 2408 979 2448 exornare
1004 2398 1047 2447 est
1072 2392 1168 2448 visana
1215 2391 1335 2446 Graecis
1359 2393 1488 2457 latinisque

371 2481 454 2534 musis
473 2483 502 2535 in
520 2482 669 2537 subsidium
689 2485 799 2539 vocatis.
822 2500 901 2551 prosa
919 2497 1052 2548 versuque
1072 2480 1211 2549 prolusum
1231 2490 1283 2546 est,
1304 2482 1367 2550 ipso
1385 2481 1488 2550 principe

371 2569 494 2623 oratione
513 2587 613 2640 graeca
632 2573 750 2628 faciente
768 2574 890 2638 initium;
914 2588 968 2625 non
993 2570 1130 2624 sodalibus
1153 2577 1274 2636 tantum,
1301 2571 1351 2626 sed
1369 2569 1489 2639 primariis

371 2672 404 2710 ex
422 2658 489 2713 urhe
508 2660 576 2714 viris
596 2669 759 2717 conventum
778 2660 947 2716 ornantibus.
985 2659 1114 2714 Memoria
1127 2665 1221 2713 tamen
1234 2659 1328 2728 longe,
1349 2671 1379 2715 et
1396 2658 1489 2727 sequela

371 2746 480 2814 dignior
499 2754 542 2804 est
559 2750 692 2805 sodalium
711 2752 745 2805 ad
764 2750 973 2819 promovendam
991 2750 1020 2804 in
1038 2750 1094 2803 auis
1109 2749 1244 2816 pietatem
1258 2750 1417 2805 aemulatio.
1439 2748 1491 2815 lpse

371 2836 459 2903 prima
478 2838 708 2908 Quadragesimae
726 2839 868 2893 Dominioa
894 2839 1062 2907 parthenius,
1088 2854 1165 2904 quern
1190 2839 1382 2893 communibus
1406 2839 1490 2892 lecturo

371 2924 511 2995 suffragiis
523 2927 632 2992 hahent,
651 2936 762 2982 senatus
775 2928 912 2992 convenit,
930 2928 1053 2994 initoque
1066 2928 1198 2981 sodalium
1211 2944 1305 2990 censu,
1322 2928 1490 2982 cometarum

370 3013 488 3083 singulis
507 3022 597 3070 certus
616 3033 707 3071 eorum
726 3017 883 3085 assignatus
907 3022 950 3071 est
968 3032 1102 3078 numerus,
1130 3032 1245 3083 quorum
1270 3018 1349 3071 ritae
1375 3033 1405 3070 ac
1422 3015 1488 3069 mori·

371 3102 428 3169 bus,
446 3119 479 3157 er
498 3106 589 3174 legum
608 3106 776 3173 praescripto
794 3106 941 3159 formandis
961 3106 1149 3174 invigilarent.

442 3203 549 3257 Extant
566 3203 708 3258 hodiedum
728 3204 756 3257 in
775 3205 853 3257 Actis
872 3205 1101 3271 Cougregationis
1130 3203 1164 3257 ad
1182 3219 1270 3257 annos
1291 3203 1360 3258 1601
1382 3210 1412 3256 et
1431 3201 1489 3255 llari

372 3290 519 3359 descripta,
539 3309 650 3358 quorum
679 3294 813 3346 rationem
838 3293 988 3347 hahendam
1013 3292 1110 3359 cuique
1134 3308 1167 3346 ac
1188 3292 1364 3356 reddendam,
1389 3288 1489 3359 piissiui

368 3379 484 3447 juvenes
503 3382 708 3449 praescripssrq.
746 3381 848 3435 Curare
872 3382 944 3450 apud
967 3381 1070 3435 sodales
1095 3381 1146 3435 sihi
1172 3380 1292 3435 creditos
1319 3382 1430 3448 quisque
1453 3378 1489 3430 de·

372 3467 463 3523 bebat:
483 3470 505 3527 1.
525 3473 568 3523 An
586 3471 730 3525 Rosarium
749 3470 871 3537 quilibet,
890 3470 1016 3524 Officium
1034 3470 1067 3530 B.
1081 3470 1113 3523 V.
1132 3486 1164 3523 ac
1185 3469 1269 3537 pium,
1289 3485 1371 3536 quem
1389 3468 1489 3536 legeret.

373 3556 492 3611 libellum
511 3557 628 3612 haheat?
648 3591 682 3599 -
701 3559 739 3615 11.
759 3563 801 3615 An
815 3560 1010 3614 examinandae
1023 3559 1212 3622 conscientiae,
1232 3559 1287 3612 rite
1307 3557 1448 3612 confitendi
1465 3571 1490 3607 ar

442 3794 545 3835 sururu,
573 3786 602 3825 ut
627 3795 642 3825 a
668 3779 732 3825 meis
752 3778 865 3825 subditis
891 3777 993 3840 aliquid
1020 3785 1113 3824 contra
1136 3786 1208 3822 tuum
1231 3774 1361 3822 honorem
1387 3786 1491 3837 nuquam

445 3858 544 3910 agatur.
584 3850 705 3896 Obsecro
721 3852 759 3896 'l'e
779 3850 865 3909 igitur,
885 3849 989 3910 suscipe
1009 3863 1050 3895 rue
1069 3848 1096 3894 iu
1116 3861 1218 3893 serrum
1239 3857 1412 3909 perpetuum:
1431 3844 1492 3891 alsia

444 3921 507 3969 ruihi
521 3921 546 3969 iu
558 3922 680 3969 omnibns
690 3922 840 3969 actionibus
851 3921 923 3981 meis,
938 3935 985 3967 nec
998 3934 1038 3966 rue
1050 3920 1156 3966 deseras
1166 3918 1191 3965 in
1205 3916 1270 3964 hora
1283 3919 1385 3969 mortis.
1407 3919 1492 3964 :hincm

406 4007 425 4071 ¹)
446 4011 617 4057 Communem
636 4009 766 4056 sodalium
781 4009 968 4056 admissionem
982 4008 1029 4055 tali
1043 4003 1216 4068 riuoiurrnirp.
1236 4006 1269 4053 ad
1285 4014 1401 4054 mentem
1415 4003 1493 4066 paeri

445 4080 539 4145 Officii
560 4082 683 4142 liturgici
705 4082 742 4127 ad
758 4082 924 4141 spirr'tualem
942 4080 1146 4144 fraternitatem
1174 4078 1320 4124 samaram
1347 4075 1492 4140 praescripti

444 4149 619 4216 (itacios-ato
630 4147 877 4216 ala-‹idtiqporrori'ur
891 4146 1086 4215 πνευματικήν,
1100 4150 1170 4212 apud
1184 4150 1280 4199 Goar.
1293 4163 1339 4211 pp.
1352 4151 1494 4208 703-5trr'·

444 4224 592 4285 composito
617 4224 745 4271 absolvit:
772 4223 908 4285 Snscipiat
928 4237 974 4268 sos
994 4221 1113 4270 Christus
1132 4222 1159 4268 iu
1179 4235 1317 4267 numerum
1339 4221 1492 4268 confratrum

446 4302 592 4341 nostrorum
629 4302 654 4341 et
682 4310 786 4341 suorurn
818 4293 985 4343 famulorum.
1029 4292 1166 4341 Concedat
1195 4292 1271 4338 robis
1301 4299 1407 4355 ternpus
1435 4291 1494 4337 bene

444 4366 564 4421 vivendi,
593 4365 680 4413 locum
701 4366 767 4413 bene
787 4365 900 4427 agendi,
928 4364 1103 4412 constantiam
1129 4365 1195 4410 bene
1216 4363 1406 4424 perseverandi
1425 4373 1448 4409 et
1467 4361 1494 4406 ad

444 4444 565 4484 aeternae
584 4437 653 4484 vitae
674 4437 861 4485 haereditatem
882 4435 996 4483 feliciter
1009 4434 1193 4497 perveniendi:
1214 4444 1251 4486 ut.
1270 4434 1341 4481 sicut
1361 4449 1410 4480 nos
1425 4433 1495 4480 bodie

446 4509 561 4555 fraterna
579 4508 674 4555 caritas
694 4508 865 4571 spiritualiter
881 4507 969 4570 jungit
987 4506 1014 4554 in
1034 4507 1122 4563 terris,
1141 4506 1178 4553 ila
1197 4505 1288 4553 diviua
1308 4506 1409 4568 pietas,
1435 4517 1495 4567 qum

445 4579 596 4627 dilectionis
615 4587 655 4627 est
674 4580 773 4627 auctrix
793 4590 817 4626 et
837 4579 956 4636 amatrix,
977 4592 1024 4625 uos
1044 4592 1102 4624 curu
1123 4575 1246 4624 fidelibus
1265 4576 1430 4639 conjungere
1443 4576 1494 4632 diq-

444 4658 519 4697 uetur
538 4651 564 4699 iu
584 4650 674 4698 coelis.
714 4652 766 4698 Per
787 4652 898 4698 eundern
920 4649 1052 4698 Christum
1075 4648 1218 4696 Dominum
1239 4655 1369 4695 nostmm.
1409 4651 1496 4695 Arnen.
