3725 5617
690 1562 873 1667 Capul
901 1565 984 1648 ΠΙ.

644 1756 765 1846 farorgn
794 1758 829 1832 ad
863 1758 962 1832 librnu
992 1759 1039 1834 ΙΙΙ.

288 1952 529 2021 1111111401.
555 1985 588 1993 —-
615 1955 662 2008 ile
687 1954 944 2010 benevolentia
965 1926 1167 2025 principum·
1186 1960 1385 2017 Valaohiae

288 2040 327 2094 in
341 2041 658 2098 SocietatemJesu
672 2043 813 2098 collata.
828 2074 861 2085 -
881 2045 1213 2112 DePatribusiliel,
1232 2049 1383 2105 Kieffer.

289 2130 444 2194 miralie,
476 2131 711 2201 epistolarum
739 2133 944 2187 commertio
972 2150 1045 2189 oum
1074 2135 1199 2190 iisdem
1229 2137 1382 2205 junctis,

570 2222 729 2277 notitiae
748 2237 787 2276 ex
807 2222 1007 2277 Annalibus
1027 2240 1101 2280 mse.

686 2382 730 2436 De
750 2384 781 2436 P.
802 2384 885 2437 Petro
908 2385 985 2437 ittet.

347 2503 471 2560 Viennae
489 2506 619 2563 lustriae
638 2524 708 2562 anno
729 2510 798 2562 1755
818 2509 852 2562 ad
870 2509 1036 2578 sempiterna
1059 2509 1180 2564 laborum
1199 2513 1318 2579 praemia
1338 2528 1401 2566 111-

269 2602 352 2647 oatus
378 2604 421 2649 est
446 2596 613 2664 apopleetioo
637 2597 708 2651 ictus
728 2597 854 2662 fulmine,
883 2598 929 2652 sed
955 2597 1008 2652 rite
1034 2609 1099 2653 ante
1122 2600 1249 2667 expiatus
1274 2618 1402 2669 sacroque

269 2689 373 2737 unctus
401 2693 535 2740 ceromate
559 2686 590 2741 P.
609 2687 731 2741 Petrus
752 2685 841 2751 blial,
870 2686 977 2754 antiqui
1006 2688 1087 2742 moris
1115 2693 1144 2743 et
1171 2689 1317 2758 probitatis
1345 2691 1396 2744 vir.

270 2771 373 2827 Editus
397 2773 425 2828 11
451 2774 534 2829 iucem
560 2774 652 2830 fuerat
675 2778 718 2831 30.
737 2776 804 2830 Nov.
830 2792 873 2830 an.
901 2778 967 2829 1681
993 2777 1027 2829 ml
1052 2792 1073 2832 s.
1093 2777 1298 2846 Margaretbae:
1327 2779 1396 2845 quod

270 2861 444 2931 Hungariae,
463 2878 517 2930 qua
535 2864 562 2918 in
576 2865 716 2919 austriam
735 2864 835 2933 vergit
855 2866 981 2933 oppidum
1001 2870 1051 2921 est.
1083 2866 1238 2922 blitioribus
1250 2867 1399 2935 disciplinis

271 2951 396 3006 imbutus
414 2953 543 3008 Societati
567 2970 626 3009 sese
644 2971 688 3010 an.
710 2958 779 3010 1698
798 2954 888 3018 dedit,
915 2954 1027 3009 eandem
1046 2955 1080 3008 ad
1099 2972 1120 3008 s.
1139 2956 1235 3010 Annae
1253 2956 1400 3026 ingressus.

272 3041 456 3096 Humaniores
474 3042 569 3097 literas
583 3043 715 3113 magister
733 3060 818 3111 aeque
836 3060 868 3098 ao
880 3044 1003 3098 sacerdos
1016 3043 1094 3097 annis
1107 3044 1288 3111 compluribus
1302 3061 1402 3113 magna

270 3147 334 3185 cum
353 3130 489 3185 industria
509 3132 632 3187 Viennae
650 3133 678 3187 iu
698 3133 820 3202 collegio,
840 3133 968 3198 Cremsii,
988 3133 1104 3196 Posonii,
1123 3134 1240 3202 Agnae,
1260 3134 1400 3189 Neostadii

270 3229 358 3287 atque
376 3220 532 3288 l‘prnaviae
556 3221 661 3277 docuit:
691 3222 741 3276 hae
765 3222 830 3276 item
856 3222 885 3276 in
911 3222 977 3276 urbe
996 3220 1148 3276 matheseos
1167 3221 1302 3277 elementa
1329 3239 1399 3277 anno

271 3325 336 3364 uno.
374 3309 493 3365 Subinde
510 3311 545 3365 ad
561 3311 713 3380 jaciendum
731 3327 780 3379 pro
799 3312 925 3365 concione
945 3311 1020 3365 verbi
1040 3311 1126 3365 divini
1145 3321 1292 3366 sementem
1312 3320 1400 3366 trans·

271 3399 362 3463 latus,
390 3400 418 3453 id
436 3416 541 3468 quoquo
560 3400 680 3455 studium
707 3401 766 3468 pari
786 3416 845 3454 oum
865 3399 945 3455 laude
973 3400 1040 3455 bene
1059 3399 1158 3454 multos
1177 3416 1262 3454 annos
1280 3402 1400 3456 decurrit

273 3487 385 3552 Cibinii,
404 3489 540 3544 Viennae.
561 3490 684 3556 Potoni,
703 3500 785 3557 atque
804 3490 870 3544 adeo
889 3490 916 3543 in
937 3490 1034 3558 Belgio
1052 3488 1201 3544 Bruxellis:
1221 3489 1265 3543 ubi
1285 3490 1399 3544 sedecim

271 3578 348 3645 ipsos
372 3594 457 3633 anuos
481 3595 618 3647 gynaeceo
637 3579 787 3634 arobiduois
803 3578 992 3644 Elisabethae‚
1018 3578 1141 3647 Belgiam
1160 3578 1355 3648 gubeurantis,
1382 3596 1399 3632 a

273 3665 361 3722 sacris
388 3667 599 3723 confessionibus
627 3668 694 3735 fuit3
723 3669 757 3721 ab
786 3668 859 3722 illius
888 3683 952 3721 vero
981 3675 1067 3722 morte
1092 3667 1224 3735 supremi,
1253 3677 1285 3721 ut
1312 3668 1398 3736 ajunt,

272 3756 409 3825 capellani
434 3758 580 3812 castrensis
605 3773 701 3812 munus
727 3758 824 3811 ibidem
850 3757 920 3811 obiit
945 3757 1024 3811 anuis
1043 3756 1143 3811 tribus:
1173 3757 1234 3810 inde
1254 3757 1401 3811 Austriaoa

272 3851 385 3901 secutas
403 3852 494 3901 eastra
513 3847 632 3901 missioni
652 3847 783 3900 castrensi
803 3846 924 3914 praefuit
949 3862 1020 3900 anno
1038 3862 1104 3900 uno:
1133 3846 1269 3900 Viennam
1287 3845 1399 3899 subinde

272 3936 383 3990 delatus
401 3935 429 3990 11
448 3937 564 3993 alterum
583 3952 683 3990 annum
708 3937 768 4004 egit
787 3936 940 3990 Praesidem
961 3935 1119 3989 sodalitatis
1137 3933 1316 4002 septuaginta
1334 3934 1397 3987 duo·

273 4041 335 4080 rum
360 4025 551 4095 discipulorum
570 4026 686 4082 Christi:
715 4028 883 4097 Superiorem
908 4026 975 4080 item
1004 4033 1156 4079 nostrorum
1181 4023 1215 4077 ad
1239 4025 1264 4079 d.
1284 4024 1397 4078 Martini

273 4114 395 4169 Posonii.
432 4114 553 4183 Denique
580 4116 624 4171 hio
643 4116 764 4171 Viennae
790 4116 817 4169 in
844 4131 943 4169 aunum
962 4122 1069 4168 sextum
1094 4119 1247 4167 nostrorum
1272 4112 1399 4180 spiritum

273 4204 356 4260 rexit.
394 4204 448 4259 Tot
473 4203 545 4260 inter
562 4222 675 4260 munera
700 4212 755 4259 tam
775 4206 852 4259 varia
871 4203 922 4257 sibi
942 4218 1047 4271 semper
1064 4209 1204 4264 constans,
1231 4209 1313 4267 attpue
1338 4217 1399 4268 ope·

274 4294 365 4350 rarius
383 4295 411 4348 iu
432 4309 523 4350 omnes
541 4305 632 4362 partes
651 4295 767 4362 impiger
786 4294 913 4362 religioso
939 4291 1112 4375 curri-ardore
1131 4306 1222 4357 parem
1241 4290 1325 4343 auinri
1345 4309 1398 4343 mo·

274 4384 443 4439 demtionem
462 4383 611 4452 conjunxit.
644 4383 816 4438 admirabilis
835 4379 1287 4449 11111111111111111111111111.
1306 4378 1398 4445 procul

275 4473 349 4529 omni
374 4473 519 4527 simulandi
538 4473 667 4538 artificio,
695 4471 895 4538 aequabilisque
914 4471 943 4523 in
962 4485 1052 4523 ornnes
1077 4469 1191 4531 osritas,
1220 4477 1252 4520 ut
1274 4466 1345 4520 haud
1364 4482 1397 4520 er

275 4577 349 4618 vano
367 4562 462 4631 optimi
481 4562 543 4628 riri,
562 4562 737 4627 omnibusque
755 4560 885 4614 carissimi
905 4574 1001 4613 nomen
1014 4569 1229 4612 oommereretur.
1261 4554 1397 4608 Bruxellis

275 4668 361 4720 quum
379 4659 458 4718 esset,
480 4660 669 4721 praeterquam
689 4650 758 4716 quod
776 4649 805 4703 in
824 4648 945 4715 aegrotis
964 4647 997 4700 ad
1016 4662 1168 4714 supremum
1188 4651 1324 4697 certamen
1343 4642 1397 4697 rite

312 4762 437 4822 Miles,
457 4762 611 4826 symbolae.
1201 4755 1236 4803 tt
