3725 5617
464 624 516 678 660
636 621 665 675 L.
685 621 736 675 111.
773 620 813 673 De
831 620 947 674 historia
965 618 1091 674 eeclesiae
1111 618 1293 672 humerorum
1312 620 1413 672 unitae.

463 766 500 833 P.
525 765 748 846 Andrdsi¹),
773 786 815 828 ex
839 763 947 849 logica
971 773 1003 826 et
1026 762 1230 848 respondens
1254 762 1297 826 ud
1321 761 1409 827 illius
1432 760 1594 847 benepla-

464 875 585 954 citum,
617 872 705 936 illico
729 872 909 957 dispositus
934 892 1005 934 sum
1036 892 1093 954 pro
1119 872 1352 955 eorrepetitore
1376 870 1455 935 Dni.
1481 867 1594 933 Wolt-

463 982 563 1066 gangi
581 980 749 1045 Macskasi
765 978 864 1062 logici
886 977 930 1042 ad
947 978 1148 1058 convictum,
1174 979 1230 1062 qui
1249 976 1329 1041 mihi
1348 976 1446 1041 solvit
1461 979 1594 1040 victum

464 1097 497 1151 et
534 1086 814 1151 cohabitationem
855 1083 917 1149 sub
954 1084 1100 1168 Regente
1134 1082 1304 1168 Georgio
1336 1084 1480 1166 Bir02),
1517 1086 1594 1148 viro

463 1193 643 1279 praeclaro.
699 1193 739 1257 In
772 1194 926 1256 examine
960 1190 1107 1276 paschali
1149 1202 1181 1254 et
1214 1190 1304 1256 finali
1338 1190 1423 1255 bene
1457 1189 1595 1254 substiti

465 1321 574 1364 coram
599 1300 725 1364 decano
749 1298 922 1378 altiorum,
948 1297 1175 1362 Alexandro
1200 1296 1380 1380 Sarosi³);
1413 1297 1472 1361 sed
1497 1319 1595 1361 meus

465 1406 599 1472 herulus
632 1429 748 1492 parum
781 1407 922 1492 proiecit
955 1426 1021 1469 non
1054 1405 1181 1469 habens
1212 1407 1361 1469 animum
1394 1404 1437 1468 ad
1470 1404 1594 1468 studia.

464 1511 630 1600 Sequente
653 1535 740 1578 anno
764 1514 872 1577 mansi
898 1534 956 1597 pro
981 1512 1090 1576 studio
1115 1511 1274 1597 physicae
1295 1512 1355 1576 sub
1380 1510 1497 1575 eodem
1520 1533 1594 1597 pro-

464 1619 587 1684 fessore
609 1620 631 1685 J
638 1619 784 1706 osepho
808 1618 981 1683 Andrasi
1006 1629 1039 1682 et·
1062 1628 1231 1705 uteunque
1255 1621 1396 1703 profeci,
1421 1629 1593 1698 externus,

465 1725 592 1791 habens
626 1726 833 1791 conditiones
865 1725 955 1811 apud
981 1728 1107 1789 Dnum.
1141 1727 1412 1790 tricesimatorem
1441 1749 1463 1789 a
1486 1725 1595 1792 Sauer

466 1844 499 1898 et
521 1834 611 1920 apud
635 1832 1021 1920 proventus-officialem
1050 1832 1370 1918 (proviantoffizier)
1394 1832 1594 1919 Hertzberg,

466 1951 498 2004 et
520 1962 640 2026 panem
673 1963 715 2004 ex
738 1950 832 2026 porta
856 1963 921 2025 qua
947 1937 1220 2024 Congregationis
1243 1939 1396 2004 altiorum
1428 1940 1594 2014 bedellos,

465 2049 518 2112 cui
544 2048 791 2131 congregationi
814 2069 946 2132 praeses
970 2058 1040 2110 erat
1064 2046 1100 2111 P.
1125 2046 1353 2111 Alexander
1376 2045 1525 2112 Sarosi.

554 2171 717 2236 Absoluta
740 2172 880 2257 physica
905 2170 1090 2235 meditabar
1114 2172 1241 2256 ingredi
1268 2182 1388 2235 statum
1414 2172 1594 2236 monacha·

464 2278 530 2342 lem
560 2277 803 2343 Basilianorum
833 2277 1170 2357 Baldzsfalvensium,
1200 2279 1288 2364 quod
1320 2281 1428 2364 ipsum
1453 2279 1490 2343 P.
1519 2279 1592 2344 Ale·

465 2385 593 2450 xandro
626 2385 738 2468 Sarosi
781 2384 907 2449 decano
944 2397 1054 2449 nostro
1094 2388 1225 2471 aperui,
1266 2388 1322 2472 qui
1364 2385 1451 2449 dixit
1490 2386 1594 2450 mihi:

465 2501 585 2556 statum
618 2492 807 2578 religiosum
831 2514 901 2555 esse
933 2504 1054 2556 statum
1081 2493 1279 2578 perfectum,
1316 2503 1348 2556 et
1370 2502 1445 2578 post
1468 2494 1594 2578 profes·

466 2600 593 2663 sionem
624 2598 882 2682 immutabilem,
918 2598 1068 2685 adeoque
1106 2599 1190 2663 benc
1222 2599 1515 2685 perpendendum,
1552 2625 1594 2666 ne

467 2727 531 2791 quo
562 2727 641 2769 casu
673 2706 751 2769 faeti
785 2708 968 2791 poeniteat3
1005 2728 1087 2792 opus
1110 2708 1222 2793 itaque
1255 2730 1325 2771 esse
1349 2706 1391 2770 ad
1423 2730 1501 2771 eum
1528 2731 1595 2773 am·

465 2810 677 2897 plectendum
703 2823 830 2877 maturo
855 2811 1009 2896 eonsili03
1034 2823 1069 2876 tu
1093 2825 1203 2877 autem
1229 2836 1263 2877 cs
1287 2815 1327 2877 ‘21
1354 2813 1407 2877 vel
1423 2817 1466 2878 22>
1491 2837 1594 2880 anno·

498 3042 519 3112 ¹)
539 3048 643 3093 Patrem
673 3046 854 3109 Josephnm
884 3046 1027 3094 Andrdsi
1058 3048 1129 3094 Acta
1157 3046 1281 3093 exhibent
1310 3048 1392 3094 virum
1428 3047 1594 3097 humanioris

535 3117 686 3165 literaturae
705 3117 816 3181 peritum
837 3124 861 3165 et
881 3117 1075 3181 philosophicis
1095 3118 1306 3180 theologicisque
1321 3118 1471 3181 disciplinis
1485 3122 1593 3183 egregie

536 3187 683 3246 excultum,
709 3188 839 3251 simulque
865 3190 897 3236 ad
919 3204 959 3236 res
979 3190 1107 3249 gerendas
1133 3188 1204 3236 velut
1224 3203 1239 3235 a
1257 3198 1349 3237 natura
1375 3191 1484 3238 tactum.
1525 3193 1594 3255 Snp·

536 3260 636 3323 pressio
656 3260 797 3308 Societatis
822 3274 880 3307 eum
907 3275 922 3308 a
947 3260 1029 3322 longo
1055 3266 1173 3323 tempore
1199 3262 1280 3307 sacris
1306 3263 1457 3309 ministeriis
1484 3278 1594 3326 operam

538 3338 676 3378 novantem
696 3331 871 3394 deprehendit
888 3332 914 3379 in
935 3332 1056 3392 Collegio
1077 3333 1209 3380 Ginsiensi
1230 3333 1256 3379 in
1277 3333 1424 3394 Hungaria.

498 3406 520 3474 ¹)
539 3411 696 3458 Encomium
716 3410 892 3459 laudatissimi
917 3411 993 3473 hujus
1016 3412 1146 3473 Regentis
1166 3412 1308 3460 Convictus
1330 3412 1483 3471 Nobilium,
1513 3417 1594 3463 Prae·

537 3482 599 3529 tecti
619 3481 763 3539 Altiornm,
784 3484 886 3530 Decani
905 3498 936 3530 ac
956 3483 1123 3540 Cancellarii,
1142 3491 1213 3531 extat
1232 3484 1259 3530 in
1281 3484 1433 3532 Annalibus
1452 3500 1543 3543 mser,
1563 3503 1595 3534 ex

537 3553 633 3615 quibus
661 3554 795 3601 succincta
823 3554 917 3602 notitia
946 3554 1119 3618 biographira
1148 3563 1173 3602 et
1202 3555 1317 3603 literaria
1345 3571 1387 3619 op.
1416 3558 1477 3613 rit..
1509 3573 1533 3620 p.
1561 3570 1594 3616 29

538 3624 641 3671 transiit
660 3624 686 3672 in
707 3625 835 3686 Stiiger,
855 3642 898 3689 op.
919 3625 972 3683 cit,
992 3641 1017 3689 p.
1038 3638 1079 3686 29.

496 3699 519 3769 ³)
539 3704 665 3766 Quamvis
691 3711 866 3767 praestantem
888 3706 971 3753 virum
991 3707 1046 3768 ipse
1066 3706 1157 3754 laudat
1183 3708 1209 3755 in
1230 3715 1315 3764 textu,
1344 3706 1433 3769 placet
1453 3717 1543 3755 tamen
1563 3724 1595 3757 ex

537 3790 610 3823 mser.
632 3774 688 3837 ejus
709 3776 771 3823 Vita
789 3775 833 3840 (Β.
857 3778 884 3824 Ρ.
906 3779 938 3829 V.
963 3780 1046 3825 12100
1067 3787 1092 3825 et
1116 3785 1210 3836 12213t
1234 3794 1318 3841 pauca
1338 3778 1403 3825 haec
1424 3779 1593 3827 adscribere:

593 3849 623 3895 P.
643 3847 835 3895 Alexander
854 3848 982 3897 Saros-si
1010 3850 1095 3896 editus
1122 3850 1148 3896 in
1174 3850 1259 3896 lucem
1279 3854 1388 3905 scaros,
1418 3850 1505 3898 nobili
1532 3867 1594 3915 pro·

537 3918 611 3981 sapia
630 3933 671 3966 an.
690 3930 756 3979 1719
776 3918 890 3980 longiori
911 3936 976 3967 aero
995 3921 1163 3980 dignissimus
1182 3957 1188 3970 .
1204 3957 1231 3971 ..
1251 3929 1366 3968 teneram
1381 3928 1495 3970 aetatem
1510 3922 1594 3971 literis

537 4004 568 4036 ac
598 3990 737 4037 virtutibus
764 3990 842 4038 variis
872 3991 897 4039 in
926 3992 1035 4039 urbibus
1065 3992 1188 4052 magister
1216 3994 1321 4054 egregie
1350 3993 1511 4042 informarit.
1533 4033 1541 4047 .
1562 4031 1593 4045 ..

538 4059 734 4124 Claudiopolim
763 4061 904 4108 translatus
932 4063 1075 4110 severiores
1104 4063 1259 4126 disciplinas
1288 4064 1498 4126 quinquennium
1529 4066 1594 4114 rexit

537 4131 667 4194 simulque
681 4133 871 4195 typographiae
885 4135 1025 4181 commoda
1038 4134 1133 4181 illustri
1148 4150 1253 4197 prorsus
1267 4137 1368 4182 ratione
1381 4138 1526 4196 promovit.
1546 4175 1553 4188 .
1567 4175 1573 4185 .
1587 4174 1592 4184 .

539 4204 649 4251 Mariam
672 4205 806 4264 Virginem
827 4205 862 4251 ita
882 4204 973 4260 coluit,
993 4214 1021 4253 ut
1041 4207 1126 4253 ubivis
1145 4208 1257 4254 Mariani
1278 4208 1406 4270 praesidis
1426 4223 1523 4256 munus
1543 4209 1594 4257 sibi

538 4275 570 4321 ad
592 4273 645 4322 alia
664 4274 771 4336 adjungi
792 4276 945 4337 postularet,
966 4278 1084 4340 miroque
1103 4278 1128 4324 iu
1147 4278 1239 4325 Divum
1260 4293 1348 4324 amore
1365 4278 1476 4326 clientes
1490 4281 1593 4328 intlarn·

538 4352 627 4393 maret.
667 4348 703 4393 Ut
732 4348 857 4394 sectarios
885 4362 985 4395 errores
1014 4349 1170 4404 dedeceret,
1200 4349 1265 4396 nihil
1296 4350 1402 4397 missum
1432 4351 1505 4401 tecit.

539 4416 679 4464 Familiare
699 4417 738 4464 illi
759 4428 813 4465 erat
833 4420 961 4467 sciscitari
982 4435 996 4466 a
1016 4421 1103 4476 sociis,
1118 4436 1178 4467 num
1199 4436 1276 4483 quern
1292 4431 1406 4477 nossent,
1427 4424 1498 4484 apud
1514 4439 1593 4487 quem

538 4487 705 4550 eleemosyna
731 4489 798 4536 bene
817 4489 904 4537 locata
924 4500 1004 4546 esset;
1030 4500 1108 4554 atque
1129 4508 1207 4553 quum
1229 4508 1361 4555 nunquam
1389 4507 1439 4539 non
1462 4494 1489 4541 id
1509 4510 1594 4555 genus

538 4558 671 4607 hominum
693 4559 795 4622 amplus
820 4570 941 4624 suppetat
961 4577 1097 4619 numerus,
1125 4564 1210 4610 Patris
1231 4562 1376 4611 Alexandri
1398 4563 1511 4622 caritas,
1539 4581 1593 4614 arn·

538 4630 683 4692 plissimum
704 4646 833 4695 campum,
853 4633 879 4680 in
900 4648 952 4696 quo
974 4649 1001 4681 se
1021 4641 1160 4692 exerceret,
1180 4635 1282 4697 reperit.
