3725 5617
368 556 419 610 120
457 557 486 611 L.
496 556 517 610 I.
532 557 562 623 Q,
573 558 621 614 Ill.
642 561 791 615 Instmctio
801 562 951 619 missiouar.
966 583 987 620 a.
1000 565 1105 619 Unioue
1116 569 1261 635 pangenda
1272 568 1450 625 intentorum.

366 698 556 788 Ecclesiao3
582 700 734 770 tribuunt
750 706 811 790 ipsi
831 707 888 790 jus
904 709 938 770 in
956 731 1112 773 consessu
1129 710 1266 775 sedendi
1283 723 1362 776 anto
1379 734 1489 778 omncs

367 807 586 902 Patriarehas‚
612 811 737 887 nullam
762 825 872 881 tamen
897 816 1079 880 admittunt
1103 818 1136 881 in
1154 816 1226 881 illos
1245 818 1488 885 authoritatem.

456 927 486 990 2.
511 928 673 994 Asserunt
690 929 851 1014 Spiritum
876 934 1027 989 sanctum
1053 924 1230 1009 procedere
1254 950 1274 991 a
1294 927 1363 992 solo
1378 927 1489 996 Patre:

366 1030 506 1096 multum
530 1047 714 1121 queruntur·
733 1035 774 1098 ob
792 1033 940 1097 additam
957 1030 1154 1116 particulam
1170 1033 1321 1116 symbolo
1336 1035 1489 1122 liliaque,

366 1145 399 1199 et
429 1140 567 1221 singulis
590 1145 687 1207 annis
718 1164 785 1204 una
809 1139 989 1203 Dominica
1019 1148 1093 1223 post
1114 1138 1332 1204 Nativitatem
1362 1164 1489 1208 excom-

368 1248 541 1311 municant
564 1270 677 1313 omnes
694 1248 877 1312 haereticos
894 1254 927 1308 ot
942 1246 1028 1308 inter
1043 1243 1125 1325 illos,
1151 1248 1207 1330 qui
1223 1247 1395 1313 addiderit
1410 1247 1491 1314 Con·

368 1351 443 1416 cilio
468 1354 615 1421 Nicaeno
640 1365 773 1441 propter
793 1353 937 1439 Spiritus
961 1354 1066 1416 sancti
1091 1356 1334 1438 processionem
1359 1379 1381 1420 a
1396 1355 1491 1438 Filio,

367 1460 409 1522 sit
441 1466 766 1541 excommunicatus,
801 1470 832 1522 et
865 1459 947 1522 haec
975 1468 1025 1521 est
1055 1461 1200 1543 ipsorum
1233 1460 1491 1528 fundamentalia

366 1565 521 1650 haeresis,
547 1592 632 1655 quae
657 1570 748 1633 dedit
771 1569 989 1645 occasionem,
1015 1576 1073 1629 aut
1087 1576 1295 1650 praetextum
1310 1569 1490 1634 schismati.

455 1676 485 1739 3.
517 1675 650 1760 Negant
673 1677 745 1740 dari
771 1673 939 1760 judicium
965 1671 1179 1757 particulare,
1216 1684 1249 1738 et
1279 1675 1399 1741 dicunt
1421 1688 1493 1763 post

367 1793 506 1846 mortem
536 1786 666 1847 animas
692 1784 857 1869 justorum
889 1778 1062 1843 amandari
1098 1781 1132 1843 in
1163 1803 1267 1846 unum
1298 1781 1427 1864 locum,
1462 1795 1493 1848 et

366 1890 495 1953 animas
527 1891 742 1976 reproborum
777 1891 808 1952 in
842 1886 955 1950 alium.
1012 1887 1050 1950 In
1084 1897 1232 1951 extremo
1265 1888 1343 1953 dein
1363 1889 1492 1976 judicio

366 1998 496 2060 animas
528 2008 718 2083 recepturas
742 1994 927 2059 mercedem
962 1992 1112 2056 laborum
1141 2004 1174 2058 et
1197 2017 1352 2080 operum3
1390 1997 1493 2062 bonas

365 2103 469 2167 ituras
492 2106 526 2168 in
551 2104 752 2190 paradisum,
778 2100 882 2165 malas
906 2102 941 2163 in
965 2100 1142 2164 infernum.

455 2212 486 2275 4.
518 2211 654 2275 Nullum
679 2218 863 2292 agnoscunt
887 2209 1129 2292 purgatorium,
1156 2210 1287 2272 interim
1312 2211 1426 2274 omnia
1450 2211 1493 2275 fa·

367 2317 460 2379 ciunt
496 2340 581 2403 quae
615 2341 674 2381 nos
706 2317 849 2381 facimus
881 2314 924 2378 ad
958 2313 1147 2378 liberandas
1180 2327 1238 2378 aut
1269 2313 1493 2381 sublevandas

367 2424 497 2486 animas
522 2423 797 2506 defunctorum).

455 2539 486 2603 5.
513 2538 638 2602 Volunt
662 2560 780 2624 panem
806 2537 959 2600 sacrificii
977 2538 1098 2600 llissac.
1119 2561 1189 2601 csso
1207 2560 1327 2623 panem
1344 2538 1492 2603 usualem

366 2654 399 2707 et
422 2645 666 2726 fermentatum,
692 2658 723 2707 ct
747 2656 880 2730 propter
895 2644 957 2707 hoc
983 2643 1100 2707 dicunt
1115 2644 1216 2729 pollui
1234 2666 1348 2709 eorum
1366 2645 1491 2724 altaria,

367 2754 495 2836 quoties
519 2752 672 2815 sacerdos
695 2750 818 2815 latinus
843 2752 877 2814 in
903 2750 1020 2814 iisdem
1046 2752 1079 2813 iu
1104 2772 1221 2834 azymo
1247 2762 1428 2817 consecrat

456 2861 487 2922 a.
521 2857 656 2922 Nullum
690 2857 872 2921 admittunt
906 2856 1092 2921 Concilium
1128 2859 1191 2921 nisi
1226 2869 1352 2944 septem
1386 2859 1487 2945 prima

367 2966 591 3030 oecumenica.

458 3072 487 3135 i.
522 3071 665 3134 Faciunt
697 3069 854 3134 Officium
889 3080 921 3133 ot
955 3069 1071 3133 dicunt
1095 3070 1230 3134 Missam
1264 3069 1419 3156 Gregorii
1453 3069 1488 3132 dc

365 3177 535 3257 Palamas,
572 3177 720 3241 dicentes
750 3198 823 3240 cum
856 3199 927 3240 esso
958 3197 1100 3260 magnae
1125 3180 1309 3241 sanctitatis
1344 3177 1489 3250 vir-uns).

456 3286 487 3349 8.
518 3285 697 3348 Affirmant
719 3283 869 3366 gloriam,
899 3304 964 3368 qua
991 3281 1142 3347 Christus
1168 3287 1200 3347 in
1226 3297 1336 3349 moute
1361 3283 1492 3348 Thabor

368 3390 582 3477 resplenduit,
608 3413 677 3454 esse
702 3389 925 3474 increatam³).

457 3499 488 3563 a.
521 3498 676 3561 Formam
708 3496 925 3560 absolutionis
949 3496 1222 3561 sacramentalem
1248 3519 1318 3560 csse
1345 3519 1433 3560 ruore
1465 3509 1494 3559 et

367 3627 449 3690 pure
474 3605 746 3689 deprecatoriam,
772 3614 932 3667 asserunt.

460 3721 510 3784 10.
545 3721 831 3783 Matrimoniorum
867 3718 1038 3782 dissolutio
1072 3731 1120 3782 cst
1152 3721 1241 3804 amiud
1278 3722 1366 3805 ipsos
1401 3718 1499 3783 valde

368 3828 533 3914 fresquena,
559 3851 644 3913 quac
669 3828 694 3889 si
720 3826 778 3889 liat
800 3827 1025 3889 consentiente
1050 3837 1081 3889 ct
1098 3827 1302 3911 approbante
1320 3827 1500 3913 Episcopo,

371 3934 497 3998 licitum
523 3946 571 3997 cst
597 3933 732 3997 cuilibet
756 3936 840 4018 parti
867 3932 957 3996 aliud
984 3935 1068 3996 inire
1093 3935 1359 4009 matrimonium,
1393 3933 1441 3997 ita
1466 3947 1504 3996 ut

369 4063 455 4104 uuus
481 4043 532 4104 vir·
562 4043 694 4126 saepius
724 4051 789 4104 tres·
814 4052 964 4104 numeret
990 4063 1129 4118 unxores,
1166 4065 1250 4127 (laiac
1282 4039 1356 4103 aliis
1381 4062 1506 4126 nupse-

369 4159 461 4230 runt,
487 4147 568 4211 talos
593 4171 652 4232 cgo
678 4147 731 4210 l1ic
757 4149 845 4212 novi.

404 4409 421 4466 ¹1
444 4408 590 4459 Kaleudar.
611 4421 627 4456 1.
650 4421 682 4460 2..
703 4424 746 4470 pp.
768 4407 917 4467 376-387.

401 4487 423 4554 Ἴ
446 4490 511 4536 l'idc
533 4505 609 4552 *pram
632 4489 749 4551 supremum
770 4488 957 4549 adscripsimus
977 4495 1066 4534 uotam
1089 4499 1122 4536 2..
1142 4502 1167 4549 p,
1191 4495 1232 4537 zo.

402 4564 425 4626 ³)
446 4568 563 4616 Kalend.
584 4579 601 4619 l.
628 4582 655 4623 1.,
676 4585 719 4631 pp.
742 4579 799 4628 237.
