3725 5617
372 625 427 680 480
546 625 576 679 L.
595 626 646 680 III.
684 625 724 679 De
742 624 858 679 historia
876 623 1003 678 ecclesiae
1021 624 1204 678 anenorum
1222 624 1327 678 unitae.

779 1496 963 1599 Caput
991 1496 1073 1579 ΠΙ.

636 1671 640 1682 “
700 1692 735 1766 lt
764 1691 934 1765 lirataratr
960 1690 1051 1765 llari
1075 1690 1173 1766 litter.

889 1889 919 1976 a.
946 1888 974 1957 1.

623 2006 662 2071 lle
681 2006 764 2069 latre
782 2005 886 2067 tiano
911 2005 1055 2068 directore
1080 2006 1232 2067 nantuato.

915 2166 941 2230 Ι.

386 2287 618 2367 Propositio
645 2285 785 2352 carolo
801 2285 868 2351 Vl.
894 2285 1139 2365 imperatori
1164 2287 1207 2352 et
1230 2287 1315 2366 regi
1339 2283 1469 2352 taeta.

757 2445 957 2493 Sacratissimae
976 2445 1120 2493 Caesareae
1143 2446 1298 2509 Regiaeque
1317 2445 1477 2493 Catholicae

704 2524 852 2586 Maiestatis
876 2527 987 2573 Vestrae
1013 2525 1195 2574 Cancellariae
1224 2526 1327 2587 Regiae
1353 2525 1475 2573 Transil·

704 2605 941 2654 vanico-Aulicae

758 2685 836 2733 Circa
860 2685 1031 2734 directionem
1052 2684 1116 2732 cleri
1136 2684 1275 2732 Valachici
1300 2684 1388 2747 graeci
1408 2684 1475 2730 ritus

703 2765 730 2813 iri
746 2764 895 2828 principatu
911 2764 1112 2812 Transilvaniae
1124 2765 1220 2812 Sacrae
1237 2763 1473 2813 Romano-catho-

704 2845 772 2894 licae
791 2845 928 2894 Ecclesiae
948 2845 1014 2893 uniti

759 2926 917 2974 Humillima
937 2925 1044 2984 relatio,
1069 2926 1110 2973 cui
1132 2926 1303 2988 Rescriptum
1325 2926 1474 2987 Majestatis

705 3007 815 3053 Vestrae
842 3006 1040 3054 sacratissimae
1070 3020 1147 3068 super
1172 3006 1265 3052 eodem
1291 3007 1397 3067 negotio
1424 3021 1474 3069 pro

705 3086 895 3147 benignissima
920 3086 951 3146 (si
976 3085 1111 3147 Majestati
1136 3088 1246 3133 Vestrae
1273 3086 1475 3134 Sacratissimae

704 3166 741 3213 ita
766 3164 909 3231 videbitur)
939 3166 1147 3228 subscriptione.
1176 3166 1362 3214 demississime
1391 3181 1474 3213 arme-

706 3246 792 3294 ctitur.
812 3246 855 3305 (N.
877 3245 910 3305 69
922 3272 954 3282 -
966 3247 1020 3294 An.
1044 3246 1129 3308 1728.)

428 3393 658 3459 Sacratissima
683 3392 845 3457 Caesarea
869 3384 1039 3478 Regiaqne
1064 3391 1234 3456 Catholiea
1259 3394 1424 3478 Majestas,

618 3509 772 3589 Domine,
798 3510 942 3573 Domine
967 3507 1240 3573 Clementissime.

456 3652 609 3715 Veniunt
633 3651 815 3715 identidem
840 3674 883 3715 ex
906 3651 1126 3714 haereditario
1152 3652 1335 3736 Majestatis
1352 3651 1493 3715 Vestrae

366 3756 617 3821 Sacratissimae
641 3758 835 3842 Principatu
859 3757 1111 3821 'l'ransilvaniae
1143 3758 1207 3821 fide
1232 3758 1352 3841 dignae
1381 3781 1420 3821 ao
1444 3760 1492 3821 in-

366 3864 488 3928 dubiae
512 3864 779 3946 informationes,
814 3865 902 3950 quod
928 3876 1068 3928 vacante
1093 3888 1181 3928 nune
1205 3864 1431 3928 Valachorum
1455 3867 1492 3928 in

366 3971 481 4035 eodem
506 3970 701 4057 Principatu
723 3970 843 4035 Sacrae
860 3971 1209 4035 Romano-catholicae
1226 3971 1396 4035 Ecclesiae
1421 3973 1491 4035 uni·

366 4088 473 4142 torum
506 4080 617 4162 graeci
650 4080 732 4141 ritus
757 4081 949 4164 episcopatu
981 4081 1014 4142 in
1046 4079 1131 4142 clero
1164 4103 1203 4142 ae
1235 4078 1354 4164 populo
1387 4080 1493 4157 unite,

361 4186 433 4271 jam
458 4207 524 4248 uno
544 4186 616 4271 jam
640 4185 704 4249 alio
730 4188 763 4248 in
788 4185 1102 4271 illinsPrincipatus
1127 4186 1197 4249 loco
1221 4207 1340 4269 graves
1365 4208 1493 4249 errores

367 4303 399 4355 et
421 4313 577 4355 excessus
601 4314 640 4355 ac
659 4293 956 4370 inconvenientiae,
982 4314 1047 4355 non
1068 4294 1150 4355 eitra
1167 4292 1384 4377 plurimorum
1399 4314 1490 4355 scan·

367 4396 479 4462 dalum
505 4407 752 4483 perpetrantur,
777 4400 842 4461 imo
868 4397 993 4461 nonulli
1020 4398 1147 4462 deserta
1172 4422 1265 4463 saera
1292 4399 1423 4462 Unione
1446 4399 1492 4461 ad

367 4506 542 4590 pristinum
576 4503 719 4568 schisma
751 4506 874 4568 reversi
909 4517 1001 4585 sunt,
1038 4527 1078 4568 ae
1103 4504 1303 4586 verendum,
1339 4527 1379 4568 ne
1412 4505 1490 4568 ulte·

365 4613 435 4675 rius
467 4633 599 4697 quoque
623 4612 736 4674 scissio
768 4622 800 4673 et
831 4613 998 4696 perversio
1030 4613 1064 4674 in
1089 4611 1175 4675 clero
1207 4635 1245 4675 ac
1276 4611 1397 4698 populo
1423 4611 1492 4694 illo,
