3725 5617
387 619 390 625 ’
476 660 545 714 roto
902 655 932 709 t.
953 654 1000 708 vr.
1039 655 1167 723 neserga.

476 800 662 868 comparandis
687 799 744 854 dies
763 807 908 866 noctesque
934 796 1041 867 ingenti
1059 797 1174 852 solertia
1193 796 1367 862 elaboraret,
1393 798 1520 867 peculiari
1542 799 1595 852 ineu

475 907 548 954 eura
565 890 739 959 juventutem
757 887 940 956 germanicam
959 886 1021 941 fidei
1034 886 1195 941 rudimentis
1214 887 1421 942 instituendam
1438 889 1490 943 sibi
1500 887 1598 956 delegit.

474 995 561 1049 usque
590 995 620 1032 eo
639 977 759 1032 studium
778 977 805 1030 id
824 976 955 1044 probante
974 975 1132 1034 archiduce.
1160 983 1194 1029 ut
1211 976 1340 1044 impensa
1359 994 1411 1032 sua
1430 978 1533 1032 domum
1549 993 1597 1030 oon·

477 1072 595 1132 (luceret,
615 1066 760 1121 utilissimo
780 1066 854 1133 operi
873 1065 1057 1119 continuando
1075 1065 1277 1134 erigendaeqne
1296 1066 1418 1122 scholae.
1438 1083 1517 1136 quam
1534 1067 1600 1121 l'atu

479 1159 647 1213 moderatore
665 1155 761 1209 idoneo
788 1170 819 1207 ac
837 1154 882 1223 pio
906 1153 1009 1208 delecto
1034 1155 1181 1209 curandam
1199 1155 1365 1224 susciperet.
1407 1158 1487 1224 Quod
1509 1157 1601 1211 sitem

477 1248 550 1317 poris
575 1246 713 1313 quidpiam
737 1243 771 1297 ab
790 1243 862 1297 bisce
887 1243 972 1297 saeris
991 1242 1127 1298 laboribus
1146 1252 1317 1312 superesset,
1347 1246 1375 1301 id
1399 1255 1493 1301 totum
1519 1246 1600 1301 libellis

477 1337 530 1405 piis
554 1335 653 1403 gallice
672 1332 828 1386 vertendis.
857 1331 1009 1385 autetiam
1033 1332 1214 1400 expoliendis,
1244 1349 1314 1400 quas
1334 1335 1414 1405 typis
1438 1337 1600 1390 nemineum

479 1424 612 1493 probante
631 1422 719 1486 dedit,
738 1419 900 1474 dictionibus
918 1420 975 1473 suis
995 1420 1182 1488 impendebat,
1200 1438 1254 1488 qtro
1273 1438 1374 1490 nempe
1392 1424 1514 1491 plurium
1531 1424 1599 1477 aduri

479 1521 562 1580 atque
580 1511 695 1565 utilitati
714 1509 899 1574 consuleret).
937 1511 1028 1576 Atque
1053 1509 1080 1562 id
1099 1509 1264 1574 satisfecit,
1293 1513 1369 1578 ‹puod
1388 1513 1477 1566 etiam
1496 1525 1601 1568 extreua

479 1606 585 1662 aetate,
614 1606 696 1666 atque
715 1597 818 1652 alllicta
844 1598 900 1666 jam
927 1598 1100 1663 valetudine,
1129 1599 1261 1654 tribunali
1286 1610 1384 1655 tamen
1413 1618 1493 1655 sacro
1517 1602 1600 1656 multa·

477 1692 535 1745 fere
561 1690 590 1743 iu
614 1688 672 1742 dies
700 1686 779 1740 boras
804 1686 904 1740 affixus
932 1686 1072 1752 haereret,
1100 1688 1169 1741 mira
1196 1689 1224 1741 in
1250 1704 1346 1744 omues
1374 1690 1506 1746 caritate.
1540 1691 1598 1745 Har<

478 1780 553 1833 iuter
577 1778 668 1832 studia
693 1776 780 1845 pridie
805 1775 866 1829 Kal.
894 1776 963 1831 Nou.
992 1776 1041 1830 sub
1067 1776 1177 1831 tertiam
1206 1778 1375 1833 matutinam
1406 1781 1486 1835 uitae
1511 1796 1600 1835 cuma

479 1867 611 1930 absolvit,
640 1866 696 1919 Deo
715 1865 857 1931 repentino
886 1865 1008 1931 quidem,
1042 1865 1088 1920 sed
1115 1865 1326 1933 haudquaquam
1353 1869 1506 1938 improviso
1523 1870 1599 1924 mortis

478 1972 592 2025 genere,
619 1971 668 2009 neo
695 1955 858 2021 imperatum
887 1955 921 2008 ad
950 1955 1070 2009 laborum
1098 1956 1217 2022 proemia
1245 1963 1389 2013 evocante.
1437 1958 1555 2026 Quatuor
1577 1969 1597 2010 et

478 2045 657 2114 septuaginta
684 2044 872 2111 propemodum
892 2044 968 2099 vitae
991 2039 1089 2109 annos,
1118 2045 1322 2114 quinquaginta
1348 2053 1459 2115 septem
1485 2049 1512 2102 in
1529 2048 1597 2102 Sors

479 2138 539 2188 tate
563 2133 699 2201 stipendia
725 2132 891 2196 coniecerat,
919 2141 996 2187 sexto
1026 2134 1127 2188 decimo
1152 2135 1250 2188 saeculi
1276 2135 1373 2189 euntis
1401 2153 1477 2191 auno
1502 2149 1598 2205 quatuor

478 2229 543 2277 vota
562 2224 703 2290 professus.
743 2223 784 2275 «B.
805 2222 834 2274 P.
857 2222 888 2275 V.
909 2223 1016 2286 12149).

854 2382 897 2436 lu·
920 2384 949 2436 1¹.
971 2385 1093 2436 Antonio
1114 2385 1227 2450 Kieti'er.

551 2520 628 2571 Anno
650 2518 731 2580 1739,
751 2519 793 2569 30.
814 2516 922 2584 Aprilis,
942 2516 1072 2585 Belgradi
1091 2516 1230 2583 sepulchro
1250 2520 1422 2586 compositus
1442 2533 1485 2576 eet
1507 2521 1533 2574 P.
1549 2523 1593 2574 Au·

479 2607 591 2660 tonius
613 2605 753 2660 Kieiier.
792 2605 891 2658 Natale
911 2606 969 2658 viro
988 2605 1135 2672 apostolico
1163 2606 1248 2659 solnm
1266 2606 1327 2661 divi
1347 2608 1496 2678 Hippolyti
1514 2610 1593 2665 ciria·
1633 2625 1635 2644 =

478 2694 581 2763 obtigit
614 2710 658 2750 an.
695 2695 770 2749 1679.
813 2694 956 2747 Societatis
993 2702 1116 2760 tyronem
1150 2695 1272 2749 Viennae
1308 2699 1422 2767 eroepit
1457 2716 1500 2755 an
1531 2699 1593 2755 loeb
1633 2689 1635 2712 '

479 2784 583 2838 Studiis
611 2785 639 2837 in
668 2784 804 2837 societate
832 2782 963 2837 absolutis
997 2784 1024 2836 in
1053 2782 1242 2853 Coadjutorem
1269 2786 1449 2853 spiritualem
1477 2789 1593 2859 cooptatit

481 2873 623 2927 Posonium
643 2890 685 2927 an.
707 2875 783 2927 1710.
823 2874 950 2930 Aetatem
970 2873 1026 2925 iere
1045 2887 1149 2927 omnem
1169 2875 1287 2941 operosis
1308 2877 1336 2929 in
1358 2878 1532 2934 missionibus
1546 2893 1595 2932 aa·

478 2962 568 3017 trivit..
612 2961 738 3016 l’raeinit
772 2961 899 3027 Superior
934 2962 1218 3029 Leopoldopolitanae.
1253 2963 1424 3022 (Tibiuieusi.
1459 2967 1592 3022 l'oroutut't

481 3051 654 3105 Essekiuensi
674 3050 847 3104 Residentiis.
885 3053 1022 3116 Quantum
1041 3051 1246 3112 Transilvania,
1272 3069 1354 3119 quarn
1384 3057 1509 3123 plurimis
1531 3057 1592 3110 aruir

478 3140 610 3194 excoluit.
640 3138 780 3207 apostolici
811 3139 862 3192 uiri
891 3139 1027 3193 laboribus
1055 3139 1165 3197 debeat.
1196 3140 1340 3196 hodiedum
1369 3159 1511 3213 superstes
1536 3147 1592 3198 tm

479 3228 606 3294 loquitur.
644 3228 763 3282 coronae
782 3234 856 3282 certe
875 3230 991 3297 exiguus
1005 3228 1204 3283 Catholieorum
1223 3233 1380 3300 rttauipulus
1400 3235 1478 3290 illum
1492 3235 1593 3304 pareatis

479 3317 536 3371 loco
554 3316 644 3371 babet.
682 3317 799 3383 Quorrnn
819 3325 850 3370 ut
869 3317 1076 3371 necessitatibus
1095 3319 1260 3374 consuleret.
1290 3322 1428 3388 majorum
1448 3326 1529 3378 etiam
1544 3322 1592 3376 otia

477 3405 586 3459 minime
615 3406 767 3461 verebatur.
811 3407 934 3460 Rectoris
970 3423 1079 3461 munere
1107 3408 1204 3474 Styrae
1238 3409 1418 3477 perstructus,
1455 3413 1593 3468 t'ariutbiat

477 3495 575 3548 iterrun
595 3495 676 3562 Alpes
695 3494 792 3548 ardens
811 3496 949 3562 operarius
969 3498 1153 3563 percursant:
1180 3498 1335 3564 quietisque
1354 3503 1448 3556 onmis
1467 3504 1593 3571 impatien-

478 3592 567 3649 tquam
592 3582 664 3636 ultro
683 3583 855 3651 superiorum
880 3585 981 3638 caritas
1006 3585 1152 3648 obtulerat)
1179 3586 1225 3656 lnil
1251 3588 1304 3641 nisi
1332 3589 1438 3644 laboris
1465 3590 1592 3645 ambiebat.

479 3671 620 3725 Heroicam
646 3672 688 3725 lue
707 3673 837 3740 pestilera
863 3672 966 3726 uitlatis
990 3673 1124 3728 serviendi
1155 3676 1321 3742 prouinciam
1341 3677 1420 3732 ultro
1448 3681 1594 3749 tle-pigucrit

476 3776 525 3814 nec
544 3761 655 3829 segnius
675 3760 803 3828 Belgratli
824 3760 965 3816 sustinuit.
1003 3762 1076 3816 Nihil
1096 3763 1136 3817 illi
1154 3764 1314 3831 jucundius,
1338 3782 1425 3832 qurum
1444 3770 1518 3822 obire
1535 3769 1595 3820 tale

479 3849 618 3902 tudiuurin
636 3866 667 3902 ac
685 3850 822 3902 declinata
840 3850 874 3903 ab
893 3850 956 3903 aliis
977 3852 1093 3918 pericula
1114 3853 1139 3905 in
1160 3869 1217 3906 sese
1236 3855 1382 3922 stracipere.
1425 3861 1527 3912 Aetate
1543 3858 1594 3911 ttae

477 3939 571 4004 gravis
598 3939 671 3992 nulla
689 3954 807 4004 unquam
827 3940 854 3992 in
874 3955 902 3992 re
921 3939 1010 3994 aliena
1028 3957 1057 3994 se
1075 3941 1210 3995 sublevari
1230 3958 1312 4009 opera
1337 3960 1438 4011 passus
1457 3955 1513 4002 esa:
1537 3947 1594 4001 labr-

477 4041 584 4091 resque,
610 4027 655 4093 qtti
682 4028 724 4081 vel
752 4027 830 4081 annis
855 4029 1010 4096 vegetiores
1036 4030 1237 4098 l'atigaverant,
1261 4032 1372 4086 ridente
1399 4052 1508 4104 semper
1531 4037 1594 4090 tulta

476 4116 602 4182 suscepit.
640 4115 767 4176 Herone,
796 4124 828 4169 ut
853 4125 963 4184 egerat,
993 4118 1078 4171 sitam
1103 4118 1214 4172 clausit:
1244 4121 1330 4174 traxit
1358 4124 1439 4178 virus
1465 4127 1500 4179 ab
1524 4141 1593 4192 aegra

477 4203 632 4256 ilarnlliani
657 4204 752 4257 militis
779 4204 857 4258 turba
883 4206 970 4274 nigris
995 4206 1022 4260 itl
1042 4208 1156 4274 primum
1176 4209 1287 4262 marculis
1313 4219 1376 4263 tots·
1396 4230 1509 4282 νοηκιη»
1532 4214 1593 4268 lutra

477 4292 636 4344 tumetium
657 4291 763 4355 tubere,
783 4294 893 4347 sinistro
913 4295 941 4348 in
961 4295 1091 4349 inaniore.
1118 4315 1146 4349 se
1165 4296 1297 4364 prodidit.
1318 4300 1467 4369 virumque
1487 4303 1591 4370 longit-re

478 4379 537 4432 vita
563 4380 749 4448 dignissimum
779 4382 851 4435 iutra
877 4384 935 4436 dies
959 4391 1061 4454 septem
1093 4385 1126 4437 nd
1152 4394 1272 4439 extrema
1298 4387 1448 4444 deductum
1481 4395 1590 4445 ertiuru

510 4586 529 4654 ¹)
549 4588 612 4648 Ejus
641 4604 720 4651 opera
750 4592 819 4653 typis
847 4591 954 4652 vulgata
984 4602 1120 4641 recensent
1149 4594 1297 4650 Katoua,
1334 4607 1352 4643 t.
1386 4610 1447 4660 Ab„
1484 4615 1509 4663 p,
1537 4599 1577 4654 ·r,·'‘

547 4660 675 4721 strigem
696 4676 719 4723 p.
742 4662 806 4712 228:
828 4664 872 4710 tte
893 4663 1034 4718 tincher,
1055 4675 1071 4712 t.
1095 4677 1125 4724 2,
1145 4680 1188 4728 pp.
1213 4670 1398 4724 tros-trull.
