<?xml version="1.0" encoding="UTF-8"?>
<!DOCTYPE html PUBLIC "-//W3C//DTD XHTML 1.0 Transitional//EN"
    "http://www.w3.org/TR/xhtml1/DTD/xhtml1-transitional.dtd">
<html xmlns="http://www.w3.org/1999/xhtml" xml:lang="en" lang="en">
 <head>
  <title>
</title>
<meta http-equiv="Content-Type" content="text/html;charset=utf-8" />
  <meta name='ocr-system' content='tesseract 3.04.00' />
  <meta name='ocr-capabilities' content='ocr_page ocr_carea ocr_par ocr_line ocrx_word'/>
</head>
<body>
  <div class='ocr_page' id='page_1' title='image "./symbolaeadillus00nillgoog_0032.png"; bbox 0 0 3725 5617; ppageno 0'>
   <div class='ocr_carea' id='block_1_1' title="bbox 868 602 1184 671">
    <p class='ocr_par' dir='ltr' id='par_1_1' title="bbox 868 602 1184 671">
     <span class='ocr_line' id='line_1_1' title="bbox 868 602 1184 671; baseline 0.003 -15"><span class='ocrx_word' id='word_1_1' title='bbox 868 641 875 648; x_wconf 87' lang='lat'>.</span> <span class='ocrx_word' id='word_1_2' title='bbox 915 603 1001 670; x_wconf 74' lang='lat' dir='ltr'>Index</span> <span class='ocrx_word' id='word_1_3' title='bbox 1019 602 1184 671; x_wconf 83' lang='lat' dir='ltr'>synopticus.</span> 
     </span>
    </p>
   </div>
   <div class='ocr_carea' id='block_1_2' title="bbox 651 744 1620 2505">
    <p class='ocr_par' dir='ltr' id='par_1_2' title="bbox 651 744 1620 2505">
     <span class='ocr_line' id='line_1_2' title="bbox 799 744 1615 813; baseline 0.001 -15"><span class='ocrx_word' id='word_1_4' title='bbox 799 786 801 790; x_wconf 87' lang='lat'><em>.</em></span> <span class='ocrx_word' id='word_1_5' title='bbox 1544 744 1615 813; x_wconf 77' lang='lat' dir='ltr'>Peg.</span> 
     </span>
     <span class='ocr_line' id='line_1_3' title="bbox 732 833 1437 903; baseline 0 -16"><span class='ocrx_word' id='word_1_6' title='bbox 732 834 759 887; x_wconf 77' lang='lat' dir='ltr'>C.</span> <span class='ocrx_word' id='word_1_7' title='bbox 779 833 900 888; x_wconf 74' lang='lat' dir='ltr'>selectae</span> <span class='ocrx_word' id='word_1_8' title='bbox 925 834 1056 900; x_wconf 87' lang='lat' dir='ltr'>quaedam</span> <span class='ocrx_word' id='word_1_9' title='bbox 1085 834 1215 903; x_wconf 89' lang='lat' dir='ltr'>epistolae</span> <span class='ocrx_word' id='word_1_10' title='bbox 1241 833 1340 888; x_wconf 79' lang='lat' dir='ltr'><strong>Nuntii</strong></span> <span class='ocrx_word' id='word_1_11' title='bbox 1366 835 1437 901; x_wconf 93' lang='lat' dir='ltr'>Apo·</span> 
     </span>
     <span class='ocr_line' id='line_1_4' title="bbox 781 921 1437 992; baseline -0.002 -15"><span class='ocrx_word' id='word_1_12' title='bbox 781 921 870 977; x_wconf 89' lang='lat' dir='ltr'>stolici</span> <span class='ocrx_word' id='word_1_13' title='bbox 895 931 924 977; x_wconf 92' lang='lat' dir='ltr'>et</span> <span class='ocrx_word' id='word_1_14' title='bbox 942 923 1067 991; x_wconf 90' lang='lat' dir='ltr'>Episcopi</span> <span class='ocrx_word' id='word_1_15' title='bbox 1086 922 1292 992; x_wconf 85' lang='lat' dir='ltr'>Fogarasiensis</span> <span class='ocrx_word' id='word_1_16' title='bbox 1318 938 1353 977; x_wconf 79' lang='lat' dir='ltr'>ex</span> <span class='ocrx_word' id='word_1_17' title='bbox 1370 927 1437 977; x_wconf 87' lang='lat' dir='ltr'>tem·</span> 
     </span>
     <span class='ocr_line' id='line_1_5' title="bbox 781 1012 1405 1082; baseline 0.003 -16"><span class='ocrx_word' id='word_1_18' title='bbox 781 1027 845 1080; x_wconf 89' lang='lat' dir='ltr'>pore</span> <span class='ocrx_word' id='word_1_19' title='bbox 863 1012 1020 1066; x_wconf 79' lang='lat' dir='ltr'>vicariatus</span> <span class='ocrx_word' id='word_1_20' title='bbox 1039 1012 1189 1082; x_wconf 88' lang='lat' dir='ltr'>Apostolici</span> <span class='ocrx_word' id='word_1_21' title='bbox 1208 1012 1285 1068; x_wconf 90' lang='lat' dir='ltr'>Petri</span> <span class='ocrx_word' id='word_1_22' title='bbox 1304 1014 1405 1069; x_wconf 87' lang='lat' dir='ltr'>Aaron.</span> 
     </span>
     <span class='ocr_line' id='line_1_6' title="bbox 749 1100 1437 1170; baseline 0 -15"><span class='ocrx_word' id='word_1_23' title='bbox 749 1105 771 1155; x_wconf 91' lang='lat'>1.</span> <span class='ocrx_word' id='word_1_24' title='bbox 791 1100 916 1168; x_wconf 86' lang='lat' dir='ltr'>Quinque</span> <span class='ocrx_word' id='word_1_25' title='bbox 941 1101 1072 1170; x_wconf 86' lang='lat' dir='ltr'>epistolae</span> <span class='ocrx_word' id='word_1_26' title='bbox 1096 1102 1193 1157; x_wconf 85' lang='lat' dir='ltr'>Nuntii</span> <span class='ocrx_word' id='word_1_27' title='bbox 1220 1102 1371 1170; x_wconf 85' lang='lat' dir='ltr'>Apostolici</span> <span class='ocrx_word' id='word_1_28' title='bbox 1403 1101 1437 1154; x_wconf 86' lang='lat' dir='ltr'>ad</span> 
     </span>
     <span class='ocr_line' id='line_1_7' title="bbox 780 1189 1616 1259; baseline -0.001 -15"><span class='ocrx_word' id='word_1_29' title='bbox 780 1189 920 1245; x_wconf 88' lang='lat' dir='ltr'>Vioarium</span> <span class='ocrx_word' id='word_1_30' title='bbox 938 1190 1123 1259; x_wconf 85' lang='lat' dir='ltr'>Apostolicam</span> <span class='ocrx_word' id='word_1_31' title='bbox 1142 1190 1224 1246; x_wconf 77' lang='lat' dir='ltr'>datae</span> <span class='ocrx_word' id='word_1_32' title='bbox 1267 1233 1274 1246; x_wconf 94' lang='lat'><strong>.</strong></span> <span class='ocrx_word' id='word_1_33' title='bbox 1347 1231 1354 1246; x_wconf 92' lang='lat'><strong>.</strong></span> <span class='ocrx_word' id='word_1_34' title='bbox 1428 1231 1435 1246; x_wconf 91' lang='lat'><strong>.</strong></span> <span class='ocrx_word' id='word_1_35' title='bbox 1473 1189 1616 1244; x_wconf 74' lang='lat' dir='ltr'>cel-oen</span> 
     </span>
     <span class='ocr_line' id='line_1_8' title="bbox 746 1278 1616 1348; baseline -0.002 -15"><span class='ocrx_word' id='word_1_36' title='bbox 746 1280 770 1333; x_wconf 85' lang='lat'>2.</span> <span class='ocrx_word' id='word_1_37' title='bbox 789 1278 857 1333; x_wconf 78' lang='lat' dir='ltr'>Tres</span> <span class='ocrx_word' id='word_1_38' title='bbox 875 1278 1007 1348; x_wconf 87' lang='lat' dir='ltr'>epistolae</span> <span class='ocrx_word' id='word_1_39' title='bbox 1026 1278 1152 1348; x_wconf 79' lang='lat' dir='ltr'><strong>Episcopi</strong></span> <span class='ocrx_word' id='word_1_40' title='bbox 1169 1280 1196 1334; x_wconf 85' lang='lat' dir='ltr'>J.</span> <span class='ocrx_word' id='word_1_41' title='bbox 1216 1279 1237 1333; x_wconf 95' lang='lat'>1.</span> <span class='ocrx_word' id='word_1_42' title='bbox 1258 1278 1340 1334; x_wconf 86' lang='lat' dir='ltr'>Klein</span> <span class='ocrx_word' id='word_1_43' title='bbox 1428 1322 1434 1334; x_wconf 95' lang='lat'>.</span> <span class='ocrx_word' id='word_1_44' title='bbox 1472 1279 1616 1334; x_wconf 77' lang='lat' dir='ltr'>nto-593</span> 
     </span>
     <span class='ocr_line' id='line_1_9' title="bbox 658 1366 1437 1437; baseline 0.001 -15"><span class='ocrx_word' id='word_1_45' title='bbox 658 1366 707 1423; x_wconf 78' lang='lat' dir='ltr'>iv,</span> <span class='ocrx_word' id='word_1_46' title='bbox 727 1368 766 1422; x_wconf 89' lang='lat' dir='ltr'>De</span> <span class='ocrx_word' id='word_1_47' title='bbox 796 1368 927 1423; x_wconf 86' lang='lat' dir='ltr'>canonica</span> <span class='ocrx_word' id='word_1_48' title='bbox 951 1368 1080 1436; x_wconf 82' lang='lat' dir='ltr'><strong>Episcopi</strong></span> <span class='ocrx_word' id='word_1_49' title='bbox 1108 1368 1295 1437; x_wconf 78' lang='lat' dir='ltr'>resignatione</span> <span class='ocrx_word' id='word_1_50' title='bbox 1327 1368 1437 1437; x_wconf 84' lang='lat' dir='ltr'>ejusque</span> 
     </span>
     <span class='ocr_line' id='line_1_10' title="bbox 728 1473 824 1511; baseline 0 -1"><span class='ocrx_word' id='word_1_51' title='bbox 728 1473 824 1511; x_wconf 86' lang='lat' dir='ltr'>causas.</span> 
     </span>
     <span class='ocr_line' id='line_1_11' title="bbox 728 1544 1437 1612; baseline -0.001 -13"><span class='ocrx_word' id='word_1_52' title='bbox 728 1548 763 1599; x_wconf 88' lang='lat' dir='ltr'>A.</span> <span class='ocrx_word' id='word_1_53' title='bbox 783 1545 823 1599; x_wconf 89' lang='lat' dir='ltr'>De</span> <span class='ocrx_word' id='word_1_54' title='bbox 841 1544 1060 1612; x_wconf 76' lang='lat' dir='ltr'>sequestratione</span> <span class='ocrx_word' id='word_1_55' title='bbox 1072 1545 1192 1599; x_wconf 88' lang='lat' dir='ltr'>Domiuii</span> <span class='ocrx_word' id='word_1_56' title='bbox 1204 1544 1437 1599; x_wconf 78' lang='lat' dir='ltr'>Balbzsialvensis</span> 
     </span>
     <span class='ocr_line' id='line_1_12' title="bbox 782 1631 1619 1703; baseline -0.005 -14"><span class='ocrx_word' id='word_1_57' title='bbox 782 1634 893 1703; x_wconf 89' lang='lat' dir='ltr'>ejusque</span> <span class='ocrx_word' id='word_1_58' title='bbox 911 1633 1050 1689; x_wconf 84' lang='lat' dir='ltr'>irnctunm</span> <span class='ocrx_word' id='word_1_59' title='bbox 1108 1672 1435 1689; x_wconf 87' lang='grc'><strong>.....</strong></span> <span class='ocrx_word' id='word_1_60' title='bbox 1473 1631 1619 1687; x_wconf 81' lang='grc'><strong>696-694</strong></span> 
     </span>
     <span class='ocr_line' id='line_1_13' title="bbox 729 1720 1617 1791; baseline -0.003 -14"><span class='ocrx_word' id='word_1_61' title='bbox 729 1724 763 1777; x_wconf 89' lang='grc' dir='ltr'><strong>Β.</strong></span> <span class='ocrx_word' id='word_1_62' title='bbox 783 1723 823 1777; x_wconf 89' lang='lat' dir='ltr'>De</span> <span class='ocrx_word' id='word_1_63' title='bbox 841 1722 1056 1791; x_wconf 83' lang='lat' dir='ltr'>pseudosynodo</span> <span class='ocrx_word' id='word_1_64' title='bbox 1074 1738 1118 1777; x_wconf 84' lang='lat' dir='ltr'>aa.</span> <span class='ocrx_word' id='word_1_65' title='bbox 1141 1723 1208 1778; x_wconf 77' lang='grc'><strong>1747</strong></span> <span class='ocrx_word' id='word_1_66' title='bbox 1267 1765 1273 1777; x_wconf 95' lang='grc'><strong>.</strong></span> <span class='ocrx_word' id='word_1_67' title='bbox 1348 1762 1354 1774; x_wconf 92' lang='grc'><strong>.</strong></span> <span class='ocrx_word' id='word_1_68' title='bbox 1429 1762 1435 1775; x_wconf 90' lang='grc'><strong>.</strong></span> <span class='ocrx_word' id='word_1_69' title='bbox 1472 1720 1617 1777; x_wconf 75' lang='lat' dir='ltr'>tel—59⁷</span> 
     </span>
     <span class='ocr_line' id='line_1_14' title="bbox 731 1810 1437 1880; baseline -0.003 -14"><span class='ocrx_word' id='word_1_70' title='bbox 731 1812 759 1866; x_wconf 77' lang='lat'>0.</span> <span class='ocrx_word' id='word_1_71' title='bbox 779 1811 820 1866; x_wconf 89' lang='lat' dir='ltr'>De</span> <span class='ocrx_word' id='word_1_72' title='bbox 848 1812 1000 1879; x_wconf 80' lang='lat' dir='ltr'>apostasia,</span> <span class='ocrx_word' id='word_1_73' title='bbox 1029 1810 1195 1879; x_wconf 86' lang='lat' dir='ltr'>proditione.</span> <span class='ocrx_word' id='word_1_74' title='bbox 1229 1810 1299 1880; x_wconf 86' lang='lat' dir='ltr'>iuga</span> <span class='ocrx_word' id='word_1_75' title='bbox 1325 1811 1437 1880; x_wconf 81' lang='lat' dir='ltr'>pseudo</span> 
     </span>
     <span class='ocr_line' id='line_1_15' title="bbox 782 1899 1617 1956; baseline -0.002 -1"><span class='ocrx_word' id='word_1_76' title='bbox 782 1900 880 1955; x_wconf 85' lang='lat' dir='ltr'>vicarii</span> <span class='ocrx_word' id='word_1_77' title='bbox 898 1899 1004 1956; x_wconf 86' lang='lat' dir='ltr'>Nicolai</span> <span class='ocrx_word' id='word_1_78' title='bbox 1022 1900 1144 1955; x_wconf 87' lang='lat' dir='ltr'>Balomir</span> <span class='ocrx_word' id='word_1_79' title='bbox 1188 1939 1193 1951; x_wconf 93' lang='lat'>.</span> <span class='ocrx_word' id='word_1_80' title='bbox 1268 1942 1274 1955; x_wconf 93' lang='lat'><strong>.</strong></span> <span class='ocrx_word' id='word_1_81' title='bbox 1349 1942 1354 1951; x_wconf 95' lang='lat'><em>.</em></span> <span class='ocrx_word' id='word_1_82' title='bbox 1429 1940 1436 1955; x_wconf 91' lang='lat'><strong>.</strong></span> <span class='ocrx_word' id='word_1_83' title='bbox 1472 1899 1617 1955; x_wconf 76' lang='grc'><strong>697-699</strong></span> 
     </span>
     <span class='ocr_line' id='line_1_16' title="bbox 729 1989 1620 2059; baseline 0 -15"><span class='ocrx_word' id='word_1_84' title='bbox 729 1990 766 2044; x_wconf 92' lang='lat' dir='ltr'>D.</span> <span class='ocrx_word' id='word_1_85' title='bbox 786 1990 827 2044; x_wconf 89' lang='lat' dir='ltr'>De</span> <span class='ocrx_word' id='word_1_86' title='bbox 845 1989 1033 2059; x_wconf 73' lang='lat' dir='ltr'>resignatione</span> <span class='ocrx_word' id='word_1_87' title='bbox 1051 1990 1178 2058; x_wconf 80' lang='lat' dir='ltr'>Episcopi</span> <span class='ocrx_word' id='word_1_88' title='bbox 1268 2030 1275 2044; x_wconf 88' lang='lat'><strong>.</strong></span> <span class='ocrx_word' id='word_1_89' title='bbox 1350 2033 1355 2044; x_wconf 94' lang='lat'>.</span> <span class='ocrx_word' id='word_1_90' title='bbox 1431 2028 1437 2041; x_wconf 91' lang='lat'><strong>.</strong></span> <span class='ocrx_word' id='word_1_91' title='bbox 1474 1989 1620 2044; x_wconf 81' lang='lat'><strong>599-600</strong></span> 
     </span>
     <span class='ocr_line' id='line_1_17' title="bbox 674 2078 1618 2147; baseline -0.001 -14"><span class='ocrx_word' id='word_1_92' title='bbox 674 2078 708 2135; x_wconf 87' lang='lat' dir='ltr'>V.</span> <span class='ocrx_word' id='word_1_93' title='bbox 728 2079 769 2133; x_wconf 89' lang='lat' dir='ltr'>De</span> <span class='ocrx_word' id='word_1_94' title='bbox 787 2095 857 2133; x_wconf 85' lang='lat' dir='ltr'>novo</span> <span class='ocrx_word' id='word_1_95' title='bbox 870 2079 974 2147; x_wconf 93' lang='lat' dir='ltr'>impetn</span> <span class='ocrx_word' id='word_1_96' title='bbox 993 2079 1022 2133; x_wconf 93' lang='lat' dir='ltr'>iu</span> <span class='ocrx_word' id='word_1_97' title='bbox 1036 2095 1058 2134; x_wconf 90' lang='lat' dir='ltr'>s.</span> <span class='ocrx_word' id='word_1_98' title='bbox 1073 2079 1205 2133; x_wconf 90' lang='lat' dir='ltr'>Unionem</span> <span class='ocrx_word' id='word_1_99' title='bbox 1224 2078 1298 2133; x_wconf 82' lang='lat' dir='ltr'>facto</span> <span class='ocrx_word' id='word_1_100' title='bbox 1310 2094 1354 2134; x_wconf 83' lang='lat' dir='ltr'>an.</span> <span class='ocrx_word' id='word_1_101' title='bbox 1370 2079 1436 2133; x_wconf 84' lang='grc'><strong>1761</strong></span> <span class='ocrx_word' id='word_1_102' title='bbox 1474 2078 1618 2133; x_wconf 87' lang='grc'><strong>600-606</strong></span> 
     </span>
     <span class='ocr_line' id='line_1_18' title="bbox 659 2167 1438 2235; baseline 0.003 -14"><span class='ocrx_word' id='word_1_103' title='bbox 659 2167 708 2224; x_wconf 87' lang='lat' dir='ltr'>VI.</span> <span class='ocrx_word' id='word_1_104' title='bbox 728 2168 768 2223; x_wconf 88' lang='lat' dir='ltr'>De</span> <span class='ocrx_word' id='word_1_105' title='bbox 793 2168 930 2223; x_wconf 87' lang='lat' dir='ltr'>laboribus</span> <span class='ocrx_word' id='word_1_106' title='bbox 955 2168 1186 2223; x_wconf 88' lang='lat' dir='ltr'>missionariomm</span> <span class='ocrx_word' id='word_1_107' title='bbox 1210 2167 1236 2223; x_wconf 85' lang='lat' dir='ltr'>S.</span> <span class='ocrx_word' id='word_1_108' title='bbox 1261 2168 1289 2223; x_wconf 84' lang='lat' dir='ltr'>J.</span> <span class='ocrx_word' id='word_1_109' title='bbox 1318 2172 1438 2235; x_wconf 86' lang='lat' dir='ltr'>tempore</span> 
     </span>
     <span class='ocr_line' id='line_1_19' title="bbox 728 2256 1618 2313; baseline -0.002 -1"><span class='ocrx_word' id='word_1_110' title='bbox 728 2257 889 2312; x_wconf 82' lang='lat' dir='ltr'>defectionis</span> <span class='ocrx_word' id='word_1_111' title='bbox 907 2257 1054 2312; x_wconf 89' lang='lat' dir='ltr'>maltorum</span> <span class='ocrx_word' id='word_1_112' title='bbox 1073 2257 1107 2311; x_wconf 88' lang='lat' dir='ltr'>ab</span> <span class='ocrx_word' id='word_1_113' title='bbox 1128 2256 1232 2311; x_wconf 89' lang='lat' dir='ltr'>Uaioae</span> <span class='ocrx_word' id='word_1_114' title='bbox 1269 2300 1276 2312; x_wconf 88' lang='lat'><em>.</em></span> <span class='ocrx_word' id='word_1_115' title='bbox 1349 2299 1356 2312; x_wconf 93' lang='lat'><strong>.</strong></span> <span class='ocrx_word' id='word_1_116' title='bbox 1430 2298 1437 2313; x_wconf 91' lang='lat'><strong>.</strong></span> <span class='ocrx_word' id='word_1_117' title='bbox 1564 2256 1618 2310; x_wconf 86' lang='grc'>603</span> 
     </span>
     <span class='ocr_line' id='line_1_20' title="bbox 651 2345 1439 2415; baseline 0 -16"><span class='ocrx_word' id='word_1_118' title='bbox 651 2345 716 2402; x_wconf 80' lang='lat' dir='ltr'><strong>VII.</strong></span> <span class='ocrx_word' id='word_1_119' title='bbox 733 2346 775 2400; x_wconf 92' lang='lat' dir='ltr'>De</span> <span class='ocrx_word' id='word_1_120' title='bbox 800 2346 888 2401; x_wconf 89' lang='lat' dir='ltr'>initiis</span> <span class='ocrx_word' id='word_1_121' title='bbox 918 2347 1089 2415; x_wconf 86' lang='lat' dir='ltr'>episcopatus</span> <span class='ocrx_word' id='word_1_122' title='bbox 1119 2345 1439 2415; x_wconf 72' lang='lat' dir='ltr'>Magno-Viradinensis</span> 
     </span>
     <span class='ocr_line' id='line_1_21' title="bbox 728 2434 1618 2505; baseline 0.002 -16"><span class='ocrx_word' id='word_1_123' title='bbox 728 2435 774 2490; x_wconf 92' lang='lat' dir='ltr'>rit.</span> <span class='ocrx_word' id='word_1_124' title='bbox 794 2452 829 2505; x_wconf 90' lang='lat' dir='ltr'>gr</span> <span class='ocrx_word' id='word_1_125' title='bbox 830 2475 1435 2493; x_wconf 85' lang='grc'><strong><em>.........</em></strong></span> <span class='ocrx_word' id='word_1_126' title='bbox 1473 2434 1618 2491; x_wconf 84' lang='grc'><strong>603-606</strong></span> 
     </span>
    </p>
   </div>
   <div class='ocr_carea' id='block_1_3' title="bbox 486 2542 1401 2612">
    <p class='ocr_par' dir='ltr' id='par_1_3' title="bbox 486 2542 1401 2612">
     <span class='ocr_line' id='line_1_22' title="bbox 486 2542 1401 2612; baseline -0.004 -13"><span class='ocrx_word' id='word_1_127' title='bbox 486 2543 564 2612; x_wconf 83' lang='lat' dir='ltr'>Cap.</span> <span class='ocrx_word' id='word_1_128' title='bbox 583 2544 617 2598; x_wconf 89' lang='lat' dir='ltr'>V.</span> <span class='ocrx_word' id='word_1_129' title='bbox 649 2543 689 2598; x_wconf 89' lang='lat' dir='ltr'>De</span> <span class='ocrx_word' id='word_1_130' title='bbox 707 2544 865 2612; x_wconf 83' lang='lat' dir='ltr'>episcopata</span> <span class='ocrx_word' id='word_1_131' title='bbox 884 2542 961 2598; x_wconf 89' lang='lat' dir='ltr'>Petri</span> <span class='ocrx_word' id='word_1_132' title='bbox 980 2542 1060 2596; x_wconf 86' lang='lat' dir='ltr'>Pauli</span> <span class='ocrx_word' id='word_1_133' title='bbox 1080 2544 1170 2596; x_wconf 80' lang='lat' dir='ltr'>Aaron</span> <span class='ocrx_word' id='word_1_134' title='bbox 1190 2542 1401 2610; x_wconf 79' lang='grc'><strong>(1762-1764).</strong></span> 
     </span>
    </p>
   </div>
   <div class='ocr_carea' id='block_1_4' title="bbox 639 2637 1619 4223">
    <p class='ocr_par' dir='ltr' id='par_1_4' title="bbox 639 2637 1619 4223">
     <span class='ocr_line' id='line_1_23' title="bbox 639 2637 1618 2713; baseline -0.001 -18"><span class='ocrx_word' id='word_1_135' title='bbox 639 2642 664 2713; x_wconf 63' lang='grc' dir='ltr'><strong>ἕ.</strong></span> <span class='ocrx_word' id='word_1_136' title='bbox 685 2643 710 2697; x_wconf 92' lang='grc'><strong>1.</strong></span> <span class='ocrx_word' id='word_1_137' title='bbox 737 2641 767 2695; x_wconf 92' lang='grc' dir='ltr'><strong>Ρ.</strong></span> <span class='ocrx_word' id='word_1_138' title='bbox 787 2640 903 2695; x_wconf 85' lang='lat' dir='ltr'>llichael</span> <span class='ocrx_word' id='word_1_139' title='bbox 921 2640 1034 2695; x_wconf 83' lang='lat' dir='ltr'>Saibeck</span> <span class='ocrx_word' id='word_1_140' title='bbox 1053 2642 1079 2697; x_wconf 88' lang='lat' dir='ltr'>S.</span> <span class='ocrx_word' id='word_1_141' title='bbox 1098 2640 1125 2695; x_wconf 85' lang='lat' dir='ltr'>J.</span> <span class='ocrx_word' id='word_1_142' title='bbox 1186 2682 1193 2695; x_wconf 86' lang='lat'><strong>.</strong></span> <span class='ocrx_word' id='word_1_143' title='bbox 1268 2681 1272 2690; x_wconf 91' lang='lat'>.</span> <span class='ocrx_word' id='word_1_144' title='bbox 1347 2681 1354 2695; x_wconf 88' lang='lat'><strong>.</strong></span> <span class='ocrx_word' id='word_1_145' title='bbox 1428 2682 1435 2695; x_wconf 93' lang='lat'><strong>.</strong></span> <span class='ocrx_word' id='word_1_146' title='bbox 1474 2637 1618 2695; x_wconf 77' lang='lat' dir='ltr'>oon-609</span> 
     </span>
     <span class='ocr_line' id='line_1_24' title="bbox 642 2730 1439 2803; baseline 0 -19"><span class='ocrx_word' id='word_1_147' title='bbox 642 2732 667 2803; x_wconf 65' lang='grc' dir='ltr'><strong>ξ.</strong></span> <span class='ocrx_word' id='word_1_148' title='bbox 686 2732 711 2784; x_wconf 74' lang='grc'><strong>6.</strong></span> <span class='ocrx_word' id='word_1_149' title='bbox 739 2730 779 2785; x_wconf 92' lang='lat' dir='ltr'>De</span> <span class='ocrx_word' id='word_1_150' title='bbox 798 2730 931 2784; x_wconf 91' lang='lat' dir='ltr'>laboriosa</span> <span class='ocrx_word' id='word_1_151' title='bbox 950 2730 1107 2799; x_wconf 88' lang='lat' dir='ltr'>episcopatu</span> <span class='ocrx_word' id='word_1_152' title='bbox 1126 2731 1155 2784; x_wconf 91' lang='lat' dir='ltr'>P.</span> <span class='ocrx_word' id='word_1_153' title='bbox 1177 2731 1206 2784; x_wconf 91' lang='lat' dir='ltr'>P.</span> <span class='ocrx_word' id='word_1_154' title='bbox 1227 2731 1317 2784; x_wconf 81' lang='lat' dir='ltr'>Aaron</span> <span class='ocrx_word' id='word_1_155' title='bbox 1336 2730 1439 2784; x_wconf 83' lang='lat' dir='ltr'>selecta</span> 
     </span>
     <span class='ocr_line' id='line_1_25' title="bbox 729 2819 1046 2886; baseline 0 -13"><span class='ocrx_word' id='word_1_156' title='bbox 729 2820 859 2886; x_wconf 83' lang='lat' dir='ltr'>quaenam</span> <span class='ocrx_word' id='word_1_157' title='bbox 878 2819 1046 2873; x_wconf 86' lang='lat' dir='ltr'>documenta.</span> 
     </span>
     <span class='ocr_line' id='line_1_26' title="bbox 684 2907 1357 2975; baseline -0.003 -12"><span class='ocrx_word' id='word_1_158' title='bbox 684 2908 707 2964; x_wconf 91' lang='grc' dir='ltr'><strong>Ι.</strong></span> <span class='ocrx_word' id='word_1_159' title='bbox 727 2909 767 2963; x_wconf 91' lang='lat' dir='ltr'>De</span> <span class='ocrx_word' id='word_1_160' title='bbox 787 2908 924 2963; x_wconf 85' lang='lat' dir='ltr'>laboribus</span> <span class='ocrx_word' id='word_1_161' title='bbox 944 2908 1100 2975; x_wconf 88' lang='lat' dir='ltr'>apostolicis</span> <span class='ocrx_word' id='word_1_162' title='bbox 1119 2907 1265 2966; x_wconf 86' lang='lat' dir='ltr'>Societatis</span> <span class='ocrx_word' id='word_1_163' title='bbox 1282 2908 1357 2962; x_wconf 83' lang='lat' dir='ltr'>Jesu.</span> 
     </span>
     <span class='ocr_line' id='line_1_27' title="bbox 729 2995 1617 3052; baseline 0.002 -3"><span class='ocrx_word' id='word_1_164' title='bbox 729 3002 762 3052; x_wconf 82' lang='lat' dir='ltr'>A.</span> <span class='ocrx_word' id='word_1_165' title='bbox 781 2998 813 3052; x_wconf 94' lang='grc' dir='ltr'><strong>Ρ.</strong></span> <span class='ocrx_word' id='word_1_166' title='bbox 832 2998 952 3051; x_wconf 86' lang='lat' dir='ltr'>Adamas</span> <span class='ocrx_word' id='word_1_167' title='bbox 969 2996 1115 3051; x_wconf 67' lang='lat' dir='ltr'>‚labroczki</span> <span class='ocrx_word' id='word_1_168' title='bbox 1189 3040 1195 3051; x_wconf 94' lang='lat'><strong>.</strong></span> <span class='ocrx_word' id='word_1_169' title='bbox 1268 3037 1275 3052; x_wconf 89' lang='lat'><strong>.</strong></span> <span class='ocrx_word' id='word_1_170' title='bbox 1350 3041 1355 3051; x_wconf 89' lang='lat'>.</span> <span class='ocrx_word' id='word_1_171' title='bbox 1430 3039 1437 3051; x_wconf 92' lang='lat'><strong>.</strong></span> <span class='ocrx_word' id='word_1_172' title='bbox 1474 2995 1617 3051; x_wconf 89' lang='grc'><strong>609-611</strong></span> 
     </span>
     <span class='ocr_line' id='line_1_28' title="bbox 730 3084 1438 3141; baseline -0.004 0"><span class='ocrx_word' id='word_1_173' title='bbox 730 3088 764 3141; x_wconf 85' lang='lat' dir='ltr'>B·</span> <span class='ocrx_word' id='word_1_174' title='bbox 784 3087 824 3141; x_wconf 89' lang='lat' dir='ltr'>De</span> <span class='ocrx_word' id='word_1_175' title='bbox 849 3086 967 3140; x_wconf 84' lang='lat' dir='ltr'>caritate</span> <span class='ocrx_word' id='word_1_176' title='bbox 991 3086 1105 3139; x_wconf 86' lang='lat' dir='ltr'>aliorum</span> <span class='ocrx_word' id='word_1_177' title='bbox 1131 3086 1360 3141; x_wconf 89' lang='lat' dir='ltr'>missionariorum</span> <span class='ocrx_word' id='word_1_178' title='bbox 1384 3084 1438 3138; x_wconf 86' lang='lat' dir='ltr'>Va·</span> 
     </span>
     <span class='ocr_line' id='line_1_29' title="bbox 783 3172 1618 3242; baseline -0.001 -13"><span class='ocrx_word' id='word_1_179' title='bbox 783 3175 866 3229; x_wconf 85' lang='lat' dir='ltr'>lachis</span> <span class='ocrx_word' id='word_1_180' title='bbox 886 3176 1069 3229; x_wconf 78' lang='lat' dir='ltr'>colemanno</span> <span class='ocrx_word' id='word_1_181' title='bbox 1090 3175 1158 3229; x_wconf 83' lang='grc'><strong>1766</strong></span> <span class='ocrx_word' id='word_1_182' title='bbox 1178 3175 1312 3242; x_wconf 84' lang='lat' dir='ltr'>praestita</span> <span class='ocrx_word' id='word_1_183' title='bbox 1349 3216 1355 3229; x_wconf 90' lang='lat'><strong>.</strong></span> <span class='ocrx_word' id='word_1_184' title='bbox 1430 3214 1436 3227; x_wconf 92' lang='lat'>.</span> <span class='ocrx_word' id='word_1_185' title='bbox 1474 3172 1618 3230; x_wconf 79' lang='grc'><strong>611-612</strong></span> 
     </span>
     <span class='ocr_line' id='line_1_30' title="bbox 673 3263 1439 3333; baseline -0.003 -14"><span class='ocrx_word' id='word_1_186' title='bbox 673 3264 710 3319; x_wconf 92' lang='lat'>11.</span> <span class='ocrx_word' id='word_1_187' title='bbox 732 3266 770 3319; x_wconf 87' lang='lat' dir='ltr'>De</span> <span class='ocrx_word' id='word_1_188' title='bbox 795 3265 845 3319; x_wconf 84' lang='lat' dir='ltr'>lite</span> <span class='ocrx_word' id='word_1_189' title='bbox 870 3264 944 3319; x_wconf 89' lang='lat' dir='ltr'>inter</span> <span class='ocrx_word' id='word_1_190' title='bbox 967 3264 1129 3333; x_wconf 78' lang='lat' dir='ltr'>Episcopum</span> <span class='ocrx_word' id='word_1_191' title='bbox 1154 3270 1183 3319; x_wconf 89' lang='lat' dir='ltr'>et</span> <span class='ocrx_word' id='word_1_192' title='bbox 1208 3263 1361 3318; x_wconf 89' lang='lat' dir='ltr'>Basilianos</span> <span class='ocrx_word' id='word_1_193' title='bbox 1390 3280 1439 3333; x_wconf 87' lang='lat' dir='ltr'>per</span> 
     </span>
     <span class='ocr_line' id='line_1_31' title="bbox 729 3354 1059 3423; baseline -0.003 -16"><span class='ocrx_word' id='word_1_194' title='bbox 729 3355 883 3423; x_wconf 85' lang='lat' dir='ltr'>Augustam</span> <span class='ocrx_word' id='word_1_195' title='bbox 902 3354 1059 3422; x_wconf 85' lang='lat' dir='ltr'>composita.</span> 
     </span>
     <span class='ocr_line' id='line_1_32' title="bbox 729 3440 1619 3511; baseline -0.003 -14"><span class='ocrx_word' id='word_1_196' title='bbox 729 3447 763 3497; x_wconf 84' lang='lat' dir='ltr'>A.</span> <span class='ocrx_word' id='word_1_197' title='bbox 783 3443 893 3498; x_wconf 83' lang='lat' dir='ltr'>Litorae</span> <span class='ocrx_word' id='word_1_198' title='bbox 914 3442 1096 3511; x_wconf 88' lang='lat' dir='ltr'>imperatricis</span> <span class='ocrx_word' id='word_1_199' title='bbox 1114 3442 1149 3497; x_wconf 83' lang='lat' dir='ltr'>ed</span> <span class='ocrx_word' id='word_1_200' title='bbox 1167 3441 1320 3497; x_wconf 86' lang='lat' dir='ltr'>Basiliaaos</span> <span class='ocrx_word' id='word_1_201' title='bbox 1338 3440 1420 3496; x_wconf 86' lang='lat' dir='ltr'>datae</span> <span class='ocrx_word' id='word_1_202' title='bbox 1475 3441 1619 3496; x_wconf 75' lang='lat' dir='ltr'>ult-614</span> 
     </span>
     <span class='ocr_line' id='line_1_33' title="bbox 731 3528 1619 3599; baseline -0.007 -13"><span class='ocrx_word' id='word_1_203' title='bbox 731 3533 765 3586; x_wconf 83' lang='grc' dir='ltr'><strong>Β.</strong></span> <span class='ocrx_word' id='word_1_204' title='bbox 785 3532 895 3586; x_wconf 84' lang='lat' dir='ltr'>Literae</span> <span class='ocrx_word' id='word_1_205' title='bbox 914 3531 1033 3599; x_wconf 86' lang='lat' dir='ltr'>ejusdem</span> <span class='ocrx_word' id='word_1_206' title='bbox 1053 3530 1087 3585; x_wconf 89' lang='lat' dir='ltr'>ad</span> <span class='ocrx_word' id='word_1_207' title='bbox 1107 3530 1266 3599; x_wconf 77' lang='lat' dir='ltr'>Episcopum</span> <span class='ocrx_word' id='word_1_208' title='bbox 1285 3530 1366 3590; x_wconf 84' lang='lat' dir='ltr'>datae</span> <span class='ocrx_word' id='word_1_209' title='bbox 1431 3573 1437 3585; x_wconf 93' lang='lat'><strong><em>.</em></strong></span> <span class='ocrx_word' id='word_1_210' title='bbox 1475 3528 1619 3584; x_wconf 85' lang='grc'><strong>614-616</strong></span> 
     </span>
     <span class='ocr_line' id='line_1_34' title="bbox 662 3618 1438 3689; baseline -0.003 -14"><span class='ocrx_word' id='word_1_211' title='bbox 662 3621 715 3677; x_wconf 90' lang='grc' dir='ltr'><strong>ΙΠ.</strong></span> <span class='ocrx_word' id='word_1_212' title='bbox 734 3621 775 3676; x_wconf 89' lang='lat' dir='ltr'>De</span> <span class='ocrx_word' id='word_1_213' title='bbox 793 3620 926 3676; x_wconf 84' lang='lat' dir='ltr'>sichustro</span> <span class='ocrx_word' id='word_1_214' title='bbox 940 3621 1088 3689; x_wconf 84' lang='lat' dir='ltr'>Sophronia</span> <span class='ocrx_word' id='word_1_215' title='bbox 1106 3620 1247 3674; x_wconf 85' lang='lat' dir='ltr'>seditionis</span> <span class='ocrx_word' id='word_1_216' title='bbox 1267 3618 1438 3673; x_wconf 83' lang='lat' dir='ltr'>stimulatore</span> 
     </span>
     <span class='ocr_line' id='line_1_35' title="bbox 728 3710 943 3765; baseline -0.014 0"><span class='ocrx_word' id='word_1_217' title='bbox 728 3715 757 3765; x_wconf 89' lang='lat' dir='ltr'>et</span> <span class='ocrx_word' id='word_1_218' title='bbox 775 3710 943 3764; x_wconf 82' lang='lat' dir='ltr'>concitatore</span> 
     </span>
     <span class='ocr_line' id='line_1_36' title="bbox 661 3797 1438 3867; baseline -0.006 -13"><span class='ocrx_word' id='word_1_219' title='bbox 661 3799 709 3854; x_wconf 91' lang='lat' dir='ltr'>IV.</span> <span class='ocrx_word' id='word_1_220' title='bbox 728 3800 769 3854; x_wconf 90' lang='lat' dir='ltr'>De</span> <span class='ocrx_word' id='word_1_221' title='bbox 794 3800 878 3853; x_wconf 87' lang='lat' dir='ltr'>Patre</span> <span class='ocrx_word' id='word_1_222' title='bbox 903 3798 1031 3867; x_wconf 80' lang='lat' dir='ltr'>theologo</span> <span class='ocrx_word' id='word_1_223' title='bbox 1056 3799 1089 3852; x_wconf 89' lang='lat' dir='ltr'>ab</span> <span class='ocrx_word' id='word_1_224' title='bbox 1115 3798 1224 3867; x_wconf 85' lang='lat' dir='ltr'>injuriis</span> <span class='ocrx_word' id='word_1_225' title='bbox 1249 3797 1438 3851; x_wconf 87' lang='lat' dir='ltr'>seditiosorum</span> 
     </span>
     <span class='ocr_line' id='line_1_37' title="bbox 730 3889 847 3943; baseline -0.034 0"><span class='ocrx_word' id='word_1_226' title='bbox 730 3889 847 3943; x_wconf 82' lang='lat' dir='ltr'>defenso</span> 
     </span>
     <span class='ocr_line' id='line_1_38' title="bbox 729 3972 1438 4044; baseline -0.008 -12"><span class='ocrx_word' id='word_1_227' title='bbox 729 3979 756 4032; x_wconf 78' lang='lat' dir='ltr'>A</span> <span class='ocrx_word' id='word_1_228' title='bbox 785 3978 824 4031; x_wconf 88' lang='lat' dir='ltr'>Dc</span> <span class='ocrx_word' id='word_1_229' title='bbox 843 3976 934 4031; x_wconf 86' lang='lat' dir='ltr'>tutela</span> <span class='ocrx_word' id='word_1_230' title='bbox 952 3975 1030 4030; x_wconf 88' lang='lat' dir='ltr'>Patri</span> <span class='ocrx_word' id='word_1_231' title='bbox 1049 3974 1178 4044; x_wconf 87' lang='lat' dir='ltr'>theologo</span> <span class='ocrx_word' id='word_1_232' title='bbox 1202 3991 1236 4030; x_wconf 85' lang='lat' dir='ltr'>er</span> <span class='ocrx_word' id='word_1_233' title='bbox 1254 3980 1334 4043; x_wconf 87' lang='lat' dir='ltr'>perte</span> <span class='ocrx_word' id='word_1_234' title='bbox 1351 3972 1438 4029; x_wconf 87' lang='lat' dir='ltr'>Socie-</span> 
     </span>
     <span class='ocr_line' id='line_1_39' title="bbox 784 4065 1437 4134; baseline -0.005 -13"><span class='ocrx_word' id='word_1_235' title='bbox 784 4067 851 4121; x_wconf 85' lang='lat' dir='ltr'>tatis</span> <span class='ocrx_word' id='word_1_236' title='bbox 870 4065 1005 4134; x_wconf 81' lang='lat' dir='ltr'>praestita</span> <span class='ocrx_word' id='word_1_237' title='bbox 1028 4102 1437 4120; x_wconf 90' lang='grc'><strong>......</strong></span> 
     </span>
     <span class='ocr_line' id='line_1_40' title="bbox 732 4152 1436 4223; baseline -0.004 -14"><span class='ocrx_word' id='word_1_238' title='bbox 732 4156 767 4212; x_wconf 90' lang='grc' dir='ltr'><strong>Β.</strong></span> <span class='ocrx_word' id='word_1_239' title='bbox 787 4155 828 4208; x_wconf 89' lang='lat' dir='ltr'>De</span> <span class='ocrx_word' id='word_1_240' title='bbox 846 4154 898 4209; x_wconf 84' lang='lat' dir='ltr'>ilde</span> <span class='ocrx_word' id='word_1_241' title='bbox 917 4154 1026 4223; x_wconf 86' lang='lat' dir='ltr'>publica</span> <span class='ocrx_word' id='word_1_242' title='bbox 1044 4153 1123 4207; x_wconf 92' lang='lat' dir='ltr'>Patri</span> <span class='ocrx_word' id='word_1_243' title='bbox 1142 4153 1268 4222; x_wconf 85' lang='lat' dir='ltr'>theologo</span> <span class='ocrx_word' id='word_1_244' title='bbox 1286 4152 1353 4206; x_wconf 87' lang='lat' dir='ltr'>data</span> <span class='ocrx_word' id='word_1_245' title='bbox 1429 4192 1436 4207; x_wconf 89' lang='lat'><strong>.</strong></span> 
     </span>
    </p>
   </div>
   <div class='ocr_carea' id='block_1_5' title="bbox 641 4251 1438 4680">
    <p class='ocr_par' dir='ltr' id='par_1_5' title="bbox 641 4251 1437 4497">
     <span class='ocr_line' id='line_1_41' title="bbox 641 4251 1428 4323; baseline -0.005 -17"><span class='ocrx_word' id='word_1_246' title='bbox 641 4252 666 4323; x_wconf 65' lang='grc'><strong>6.</strong></span> <span class='ocrx_word' id='word_1_247' title='bbox 685 4252 711 4306; x_wconf 84' lang='grc'><strong>6.</strong></span> <span class='ocrx_word' id='word_1_248' title='bbox 740 4252 779 4308; x_wconf 88' lang='lat' dir='ltr'>De</span> <span class='ocrx_word' id='word_1_249' title='bbox 798 4252 947 4321; x_wconf 89' lang='lat' dir='ltr'>apostolico</span> <span class='ocrx_word' id='word_1_250' title='bbox 966 4251 1019 4305; x_wconf 86' lang='lat' dir='ltr'>fine</span> <span class='ocrx_word' id='word_1_251' title='bbox 1038 4251 1209 4319; x_wconf 77' lang='lat' dir='ltr'>episcopatus</span> <span class='ocrx_word' id='word_1_252' title='bbox 1229 4251 1259 4306; x_wconf 87' lang='lat' dir='ltr'>P.</span> <span class='ocrx_word' id='word_1_253' title='bbox 1278 4251 1308 4305; x_wconf 92' lang='lat' dir='ltr'>P.</span> <span class='ocrx_word' id='word_1_254' title='bbox 1328 4251 1428 4304; x_wconf 85' lang='lat' dir='ltr'>Aaron.</span> 
     </span>
     <span class='ocr_line' id='line_1_42' title="bbox 685 4338 1437 4409; baseline -0.004 -14"><span class='ocrx_word' id='word_1_255' title='bbox 685 4340 708 4398; x_wconf 92' lang='lat'>1.</span> <span class='ocrx_word' id='word_1_256' title='bbox 728 4342 768 4395; x_wconf 89' lang='lat' dir='ltr'>De</span> <span class='ocrx_word' id='word_1_257' title='bbox 781 4340 896 4409; x_wconf 85' lang='lat' dir='ltr'>antiqua</span> <span class='ocrx_word' id='word_1_258' title='bbox 908 4340 1030 4395; x_wconf 85' lang='lat' dir='ltr'>amicitie</span> <span class='ocrx_word' id='word_1_259' title='bbox 1042 4340 1116 4395; x_wconf 88' lang='lat' dir='ltr'>inter</span> <span class='ocrx_word' id='word_1_260' title='bbox 1128 4339 1290 4409; x_wconf 87' lang='lat' dir='ltr'>Episcopum</span> <span class='ocrx_word' id='word_1_261' title='bbox 1302 4346 1330 4394; x_wconf 90' lang='lat' dir='ltr'>et</span> <span class='ocrx_word' id='word_1_262' title='bbox 1340 4338 1437 4393; x_wconf 84' lang='lat' dir='ltr'>Patres</span> 
     </span>
     <span class='ocr_line' id='line_1_43' title="bbox 729 4427 1437 4497; baseline -0.004 -10"><span class='ocrx_word' id='word_1_263' title='bbox 729 4431 872 4487; x_wconf 85' lang='lat' dir='ltr'>Societatis</span> <span class='ocrx_word' id='word_1_264' title='bbox 879 4431 897 4484; x_wconf 93' lang='lat' dir='ltr'>J</span> <span class='ocrx_word' id='word_1_265' title='bbox 898 4446 947 4484; x_wconf 87' lang='lat' dir='ltr'>esu</span> <span class='ocrx_word' id='word_1_266' title='bbox 958 4436 1044 4484; x_wconf 91' lang='lat' dir='ltr'>morte</span> <span class='ocrx_word' id='word_1_267' title='bbox 1054 4428 1127 4484; x_wconf 87' lang='lat' dir='ltr'>illius</span> <span class='ocrx_word' id='word_1_268' title='bbox 1137 4428 1166 4483; x_wconf 92' lang='lat' dir='ltr'>in</span> <span class='ocrx_word' id='word_1_269' title='bbox 1177 4444 1273 4483; x_wconf 83' lang='lat' dir='ltr'>aevum</span> <span class='ocrx_word' id='word_1_270' title='bbox 1283 4427 1437 4497; x_wconf 81' lang='lat' dir='ltr'>obsignata.</span> 
     </span>
    </p>

    <p class='ocr_par' dir='ltr' id='par_1_6' title="bbox 730 4515 1438 4680">
     <span class='ocr_line' id='line_1_44' title="bbox 730 4515 1438 4575; baseline -0.007 0"><span class='ocrx_word' id='word_1_271' title='bbox 730 4522 766 4575; x_wconf 84' lang='lat' dir='ltr'>A.</span> <span class='ocrx_word' id='word_1_272' title='bbox 786 4519 896 4575; x_wconf 81' lang='lat' dir='ltr'>Relatio</span> <span class='ocrx_word' id='word_1_273' title='bbox 920 4534 955 4574; x_wconf 84' lang='lat' dir='ltr'>ex</span> <span class='ocrx_word' id='word_1_274' title='bbox 980 4516 1132 4572; x_wconf 81' lang='lat' dir='ltr'>Annalibus</span> <span class='ocrx_word' id='word_1_275' title='bbox 1159 4533 1237 4574; x_wconf 80' lang='lat' dir='ltr'>macr.</span> <span class='ocrx_word' id='word_1_276' title='bbox 1263 4515 1438 4571; x_wconf 83' lang='lat' dir='ltr'>Residentiae</span> 
     </span>
     <span class='ocr_line' id='line_1_45' title="bbox 782 4605 1437 4680; baseline -0.009 -16"><span class='ocrx_word' id='word_1_277' title='bbox 782 4608 1020 4680; x_wconf 76' lang='lat' dir='ltr'>Nagybanyieasia</span> <span class='ocrx_word' id='word_1_278' title='bbox 1039 4607 1065 4662; x_wconf 85' lang='lat' dir='ltr'>S.</span> <span class='ocrx_word' id='word_1_279' title='bbox 1083 4605 1110 4666; x_wconf 87' lang='lat' dir='ltr'>J.</span> <span class='ocrx_word' id='word_1_280' title='bbox 1131 4606 1165 4662; x_wconf 84' lang='lat' dir='ltr'>sd</span> <span class='ocrx_word' id='word_1_281' title='bbox 1184 4622 1227 4660; x_wconf 92' lang='lat' dir='ltr'>an.</span> <span class='ocrx_word' id='word_1_282' title='bbox 1250 4605 1318 4660; x_wconf 85' lang='grc'><strong>1764</strong></span> <span class='ocrx_word' id='word_1_283' title='bbox 1348 4645 1356 4661; x_wconf 92' lang='grc'><strong>.</strong></span> <span class='ocrx_word' id='word_1_284' title='bbox 1429 4641 1437 4659; x_wconf 93' lang='grc'><strong>.</strong></span> 
     </span>
    </p>
   </div>
   <div class='ocr_carea' id='block_1_6' title="bbox 0 0 1868 5617">
    <p class='ocr_par' dir='ltr' id='par_1_7' title="bbox 0 0 1868 5617">
     <span class='ocr_line' id='line_1_46' title="bbox 0 0 1868 5617; baseline 0 0"><span class='ocrx_word' id='word_1_285' title='bbox 0 0 1868 5617; x_wconf 95' lang='lat' dir='ltr'> </span> 
     </span>
    </p>
   </div>
  </div>
 </body>
</html>
